3059 4384
442 526 531 571 aruo
545 526 694 573 varanna
710 524 848 571 araneos
863 502 1049 569 counrrro?
1152 508 1191 566 21

290 701 364 744 cum
379 681 490 765 nuptis
503 681 622 763 pariter
636 690 732 765 atque
753 678 899 761 innuptis
914 678 1021 756 domo,
1035 698 1074 741 ac
1089 697 1189 761 prope

290 781 441 845 cubiculo
459 782 546 845 exire
569 781 703 845 vetitum
723 791 818 853 esset,
835 800 910 842 cum
928 778 1103 842 alienorum
1123 799 1188 841 orn-

288 882 379 945 nium
394 895 571 965 conspectu
585 893 681 965 atque
696 880 860 963 colloquio
871 891 936 943 tam
951 880 1078 963 penitus
1091 880 1189 943 inter·

290 982 460 1063 diceretur,
473 994 511 1047 ut
524 984 558 1045 in
573 983 720 1046 convivio
739 982 839 1046 videri
860 982 1071 1045 certissimum
1089 982 1188 1047 habe·

288 1094 376 1149 retur
395 1086 482 1148 laesae
504 1084 667 1169 pudicitia
689 1096 922 1167 argumentum,
944 1084 1058 1147 artium
1080 1095 1187 1148 tamen

290 1198 321 1249 et
343 1186 588 1251 consuetudinis
606 1187 765 1251 foemineae
785 1184 978 1249 desiderium
996 1206 1062 1248 non
1084 1186 1191 1269 potuit

290 1309 357 1351 non
386 1288 571 1352 hominibus
605 1298 671 1352 tam
704 1298 864 1353 emuncta
893 1290 981 1352 naris
1017 1288 1190 1372 aliquando

290 1391 436 1455 suboriri.
481 1390 557 1455 Sine
578 1391 629 1455 his
650 1392 801 1455 nimirum
815 1392 1018 1455 coenantibus
1032 1392 1190 1475 putebant

289 1496 375 1574 vina,
390 1496 576 1559 marcebant
591 1516 680 1559 rosae.
726 1496 841 1579 Itaque
854 1495 984 1576 flagitiis
998 1516 1056 1579 per
1069 1496 1190 1577 flagitia

292 1599 481 1661 subventum
493 1609 556 1673 est;
572 1618 745 1683 omnesque
761 1597 917 1660 mentium
931 1598 1103 1675 illecebrae,
1114 1619 1187 1682 quas

292 1700 327 1763 in
341 1700 463 1777 litteris,
474 1698 508 1761 in
518 1700 671 1762 sermonis
679 1698 884 1783 jucunditate
898 1720 936 1762 ac
950 1700 1058 1783 lepore
1072 1699 1187 1783 positae

293 1812 374 1881 sunt,
383 1801 602 1865 meretricibus
611 1803 814 1866 transmissae.
844 1800 947 1886 Cujus
960 1802 1087 1885 generis
1100 1802 1188 1887 prin·

291 1925 370 1988 ceps
390 1916 423 1969 et
445 1906 608 1988 exemplar
629 1906 753 1969 exstitit
774 1906 923 1988 Aspasia,
936 1905 1067 1987 ingenio
1089 1916 1187 1989 atque

289 2006 438 2071 doctriua
452 2006 561 2087 digna,
573 2028 645 2090 quae
660 2007 793 2071 Periclis
804 2006 947 2089 Olympii
962 2006 1087 2070 deliciae
1103 2018 1189 2071 certe

289 2120 384 2187 esset,
404 2109 555 2191 magistra
575 2110 802 2191 perhiberetur,
821 2107 977 2192 cujusque
999 2110 1033 2171 in
1056 2108 1188 2173 domum

291 2221 324 2273 et
338 2210 485 2274 convivia
498 2212 558 2275 riri
573 2211 721 2275 nonnulli
741 2210 955 2274 Athenienses
977 2231 1094 2274 uxores
1116 2232 1190 2275 suas

292 2334 403 2377 secum
428 2312 593 2393 ducerent,
618 2314 674 2378 illa
698 2314 832 2390 scilicet,
854 2333 927 2395 quae
951 2312 1086 2376 honeste
1106 2312 1190 2376 tradi

293 2436 363 2478 mos
385 2424 417 2479 et
439 2416 549 2498 opinio
572 2426 699 2494 vetaret,
721 2437 741 2479 a
763 2416 876 2479 scortis
898 2415 1097 2478 clandestino
1117 2436 1190 2499 per-

293 2522 452 2599 cepturas.
496 2516 760 2581 Adolescentium
777 2536 851 2579 vero
870 2536 945 2579 cum
964 2516 1091 2579 hetaeris
1111 2538 1189 2581 eon·

292 2617 494 2681 suetudinem
508 2638 615 2700 neque
628 2618 746 2701 probro
761 2616 936 2681 admodum
950 2638 1073 2681 versam
1093 2619 1191 2682 fuisse

293 2731 429 2798 constat,
440 2732 472 2783 et
486 2719 519 2781 in
535 2740 569 2783 se
583 2720 681 2781 ferme
694 2719 900 2797 continuisse,
909 2716 1063 2804 quicquid
1073 2719 1192 2782 amoris

293 2824 358 2885 veri
387 2822 591 2885 admitterent
620 2820 717 2885 animi
747 2831 812 2883 tam
840 2820 933 2884 unica
959 2822 1009 2884 sui
1037 2832 1190 2885 amantes.

294 2923 491 3007 Conjugiunr
512 2923 655 2998 liberale,
675 2942 819 2986 amorum
838 2920 922 2999 finis,
941 2924 1059 2986 malum
1078 2943 1190 2986 neces-

293 3026 421 3103 sarium,
430 3046 573 3089 curarum
583 3036 615 3088 et
623 3024 983 3102 molestiaruminitium,
992 3026 1190 3107 voluptatum

293 3146 331 3189 ac
354 3146 454 3208 prope
476 3126 548 3189 vitae
571 3147 652 3188 verae
676 3125 822 3188 exitium.
867 3126 907 3187 ln
931 3136 1083 3208 promptu
1107 3138 1192 3191 esset

293 3237 450 3290 sexcenta
464 3228 612 3309 proferre,
627 3227 733 3311 qualia
748 3239 823 3289 sunt
837 3226 894 3288 illa

422 3340 573 3430 γεγάμηκε
588 3346 680 3420 hirom
710 3341 749 3407 Tt
762 3368 799 3405 συ
814 3340 918 3430 λέγεις,
932 3345 1060 3421 ἀληθινῶς

422 3445 596 3531 γεγάμηκεν,
609 3442 638 3508 ὃν
653 3443 711 3531 ἐγώ
727 3450 815 3527 ζῶντα
829 3444 1031 3533 περιπατοῦντά
1044 3470 1076 3509 τι

424 3546 593 3627 satiatam
