3059 4384
338 499 379 556 26
548 511 698 563 oumuau
716 512 839 557 suanir
855 510 1036 556 numanam

336 665 500 751 partirent.
546 666 714 729 Sacrorum
738 677 847 729 autem
868 687 942 729 vere
964 664 1179 737 muliebrium,
1202 673 1239 727 ut

337 768 527 850 Vigiliarum
553 770 688 847 Cereris,
705 770 752 832 vis
775 770 872 851 louge
895 769 958 831 alia
980 768 1048 831 fuit.
1093 768 1237 839 Quorum

335 872 482 935 libertate
503 879 536 934 et
554 872 789 935 consuetudine
808 892 879 935 raro
902 870 1058 934 concessi
1077 870 1110 931 in
1127 868 1237 933 soedis-

336 970 448 1033 simam
470 969 636 1033 licentiam
661 971 885 1049 abutebantur,
908 981 940 1033 et
962 970 1079 1053 impias
1100 970 1237 1033 interse

336 1070 579 1153 superstitiones
589 1069 687 1152 orgiis
698 1070 862 1133 obscoenis
873 1072 1087 1134 celebrabant.
1120 1072 1235 1133 Utrum

334 1193 437 1235 necne
461 1172 629 1256 Dionysiis
644 1172 844 1235 interfuerint
864 1172 1016 1249 foeminae,
1031 1172 1235 1235 eruditiorum

336 1272 503 1335 hominum
518 1273 620 1349 litem,
635 1294 700 1335 non
714 1281 859 1335 nostrum
875 1283 924 1336 est
938 1272 1124 1356 dijudicare.

379 1375 472 1437 Bello
496 1374 636 1457 denique
658 1374 938 1456 Peloponnesiaco
960 1373 1128 1437 mulierum
1158 1394 1235 1435 con·

336 1476 490 1539 ditionem
520 1476 602 1539 inter
632 1486 747 1539 caetera
775 1476 1014 1559 pessumdatam
1042 1476 1139 1539 fuisse
1168 1488 1235 1539 tum
1286 1471 1291 1479 ’

336 1581 420 1643 clare
440 1578 564 1642 indicat
584 1578 828 1663 Aristophanes,
848 1589 914 1641 tum
932 1580 1034 1641 multa
1055 1587 1131 1641 sunt
1149 1576 1236 1641 unde

335 1682 570 1767 conjectemur:
616 1681 736 1766 quippe
763 1683 820 1744 ubi
857 1681 1005 1744 omnibus
1041 1682 1075 1745 in
1114 1691 1236 1745 arctum

337 1787 458 1851 coactis
480 1787 609 1850 familiae
639 1785 918 1863 confunderentur,
939 1786 1105 1849 interirent
1130 1786 1236 1849 studia

335 1892 455 1953 rustica
470 1901 503 1952 et
523 1889 710 1965 domestica,
726 1888 784 1951 riri
806 1888 884 1951 soris
898 1888 1081 1965 militarent,
1097 1887 1185 1951 domi
1203 1888 1236 1950 in

330 1991 464 2077 judiciis
479 2001 510 2055 et
526 1991 664 2054 comitiis
679 1990 834 2068 viverent,
849 1999 881 2052 et
892 1990 985 2073 quasi
999 1991 1129 2073 publice
1146 2012 1234 2053 men·

337 2093 491 2170 dicarent,
521 2092 696 2177 animorum
728 2092 869 2175 denique
899 2091 1047 2173 glisceret
1078 2092 1237 2167 ferocitas,

336 2196 449 2259 molles
464 2194 570 2258 aditus
585 2194 882 2258 intereluderentur.
927 2193 1011 2257 Tum
1027 2191 1140 2256 eodem
1155 2206 1236 2255 tem·

336 2319 425 2383 pore,
441 2296 529 2381 quod
544 2306 576 2360 et
597 2298 705 2381 ipsum
721 2295 907 2359 domestice
924 2296 1081 2379 cujusque
1098 2296 1237 2359 caritatis

337 2400 523 2463 dirimendae
553 2412 630 2477 erat,
659 2398 814 2481 plurimos
843 2399 885 2462 ad
914 2420 949 2461 se
978 2398 1147 2461 trahebant
1182 2398 1238 2461 illa

335 2502 473 2587 partium
490 2501 648 2579 sodalitia,
663 2502 752 2564 omni
767 2510 889 2564 naturae
904 2514 937 2564 et
951 2501 1237 2581 consanguinitatis

335 2603 476 2677 vineole,
513 2613 592 2666 teste
628 2602 833 2685 Thucydide,
869 2604 1010 2687 praelata,
1047 2600 1080 2664 in
1117 2601 1237 2685 quibus

337 2716 459 2769 certum
478 2704 600 2789 aliquid
623 2699 716 2788 atque
736 2715 850 2783 ratum,
864 2706 960 2767 rebus
980 2705 1128 2767 omnibus
1151 2704 1238 2765 circa

336 2806 546 2883 fluitantibus,
565 2806 797 2891 conjurantium
821 2806 921 2870 animi
943 2807 1006 2870 sibi
1027 2819 1133 2869 tenere
1150 2806 1236 2869 vide-

336 2911 462 2973 bantur.
507 2910 577 2971 Nec
604 2910 667 2971 alio
697 2909 829 2973 fortasse
854 2908 1031 2972 tendebant
1056 2908 1237 2982 societates,

337 3034 410 3096 quae
424 3013 568 3095 plurimae
590 3013 811 3076 delectationis
825 3022 948 3075 tantum
967 3022 1000 3073 et
1018 3011 1234 3073 conviviorum

336 3116 434 3178 causd
464 3113 577 3177 eodem
600 3124 742 3197 tempore
764 3114 1021 3191 instituebantur,
1042 3112 1237 3189 hominibus,

338 3228 374 3278 ut
396 3208 547 3294 fit‚'inter
573 3218 717 3283 ,miserias
738 3218 880 3299 privatas
901 3225 998 3298 atque
1020 3214 1178 3296 publicas,
1201 3216 1235 3277 in

337 3318 522 3401 quotidiano
537 3320 730 3381 fortunarum
746 3329 780 3381 et
798 3318 940 3401 capitum
961 3317 1106 3401 periculo
1121 3338 1235 3381 vesane

337 3422 572 3485 bacchantibus
588 3434 619 3485 et
634 3422 891 3485 comissantibus
