3059 4384
358 490 396 549 rr
564 504 712 557 ounuru
729 502 851 549 rurum
866 500 1050 549 nuurnumr

354 660 541 735 intercedat,
569 660 739 745 quominus
766 658 933 721 credamus
959 657 1183 721 adolescentiae
1205 656 1255 719 illi

354 772 494 826 actuosae
520 784 558 827 ao
584 783 668 845 pene
693 760 843 823 violentae
870 760 1032 822 senectam
1061 757 1255 821 successisse

353 882 488 927 vacuam
512 863 672 948 quandam
698 870 795 945 atque
821 860 997 936 molestam,
1018 869 1052 923 et
1077 858 1256 923 studiorum

353 966 493 1030 omnium
510 963 697 1051 expertem?

396 1067 513 1150 Neque
528 1068 612 1131 ullus
626 1079 734 1129 tamen
752 1063 872 1127 infitias
889 1064 945 1127 ibo
964 1063 1114 1127 mulieres
1129 1076 1166 1129 ut
1186 1086 1256 1128 nou

352 1168 388 1231 in
403 1168 555 1249 feliciore,
570 1179 655 1232 certe
671 1168 706 1229 in
719 1165 903 1229 honestiore
916 1166 989 1228 looo
1004 1165 1129 1249 sparta
1143 1164 1256 1243 ruisse,

353 1290 450 1353 quam
479 1270 625 1333 Athenis.
683 1267 858 1331 Enimvero
886 1266 1058 1349 splendida
1084 1268 1255 1351 permulta,

351 1372 502 1456 quadam
532 1373 627 1436 etiam
655 1372 743 1434 bona
769 1369 958 1452 Lyeurgioae
988 1369 1041 1433 isti
1071 1368 1254 1454 disciplinae

352 1496 418 1538 non
439 1484 504 1539 tam
525 1474 662 1551 inerant,
681 1494 779 1557 quam
801 1472 1065 1557 adjungebantur.
1109 1472 1255 1544 Quorum

352 1576 435 1639 inter
456 1576 560 1659 prima
580 1574 814 1638 numerandum
831 1584 892 1651 est,
907 1573 995 1658 quod
1016 1574 1129 1639 recisis
1150 1575 1255 1638 homi·

352 1700 430 1741 num
458 1677 662 1752 libidinibus,
683 1697 749 1739 non
771 1676 902 1739 nomine
932 1677 1037 1739 solum
1060 1675 1117 1739 sed
1144 1696 1255 1740 revera

352 1779 496 1862 singulas
520 1798 640 1843 uxores
664 1778 830 1855 haberent,
852 1787 895 1850 et,
918 1798 990 1861 quae
1012 1776 1157 1859 alioquin
1182 1799 1254 1843 asse

351 1882 443 1945 nulla
456 1888 573 1964 potest,
587 1881 653 1943 alta
675 1889 858 1963 sequeretur
873 1888 907 1941 et
920 1878 1068 1961 religiosa
1082 1866 1252 1944 mulierum

352 1983 490 2047 castitas.
534 1980 663 2045 Deinde
685 2003 752 2045 non
767 2002 873 2045 veram
893 1980 1123 2059 fortitudinem,
1136 1983 1187 2044 rel
1209 1982 1249 2047 ad

353 2084 490 2147 Helotas
526 2082 758 2167 reprimendos,
791 2082 1036 2155 confirmaveris,
1071 2082 1149 2167 quin
1186 2086 1251 2148 ela·

351 2186 471 2250 tionem
492 2185 614 2269 ingenii
636 2186 797 2271 quandam
818 2197 851 2250 et
876 2184 1169 2268 magnanimitatem
1194 2207 1252 2249 ex-

351 2288 508 2366 eitaveris,
530 2288 777 2369 magnanimitas
796 2310 882 2365 vero,
905 2288 993 2373 quod
1012 2308 1108 2371 supra
1125 2290 1252 2351 monui-

352 2412 435 2469 mus,
445 2413 605 2477 nusquam
617 2413 685 2455 non
697 2391 897 2455 soeminarum
912 2392 1004 2453 affert
1014 2390 1250 2454 verecundiam.

352 2492 639 2557 Bellicosissimam
655 2514 815 2577 quamque
828 2499 955 2575 gentem
969 2491 1250 2577 γυναικοκρατεῖσθαι

332 2594 515 2659 ¹verissime
536 2596 633 2660 docet
645 2596 841 2660 Aristoteles.
885 2596 969 2659 Rem
991 2617 1054 2660 acu
1068 2596 1174 2678 tetigit
1186 2597 1250 2661 La·

352 2718 443 2761 aaena
457 2698 523 2776 illa,
538 2718 623 2782 quae,
638 2720 713 2762 cum
734 2698 962 2781 interrogasset
979 2698 1104 2783 aliquis,
1118 2720 1251 2764 curnam

352 2800 429 2863 sola
454 2799 621 2883 Spartanae
647 2800 721 2864 viris
744 2801 957 2885 imperarent,
989 2801 1064 2885 quia
1090 2803 1177 2880 solae,
1201 2824 1249 2866 re-

350 2902 493 2987 spoudit,
529 2905 670 2989 parimus
706 2906 799 2970 viros.
862 2906 1021 2969 Matronae
1058 2905 1250 2987 dignissimo

351 3003 480 3068 nomine
509 3005 646 3069 transires
669 3008 852 3091 appellata,
872 3028 933 3071 neo
955 3008 1091 3092 usquam
1113 3008 1249 3072 Graeoiae

350 3114 417 3169 tam
437 3114 553 3191 magna
574 3120 642 3175 erat
665 3110 826 3175 foemiueae
847 3107 1006 3194 opinionis
1025 3110 1059 3171 in
1082 3118 1249 3194 utramque

351 3216 473 3291 partem
490 3212 666 3277 aestimatio.
702 3211 911 3275 Adsistebant
925 3211 1100 3294 gymnasiis
1111 3212 1249 3293 virgines

351 3308 480 3375 laudem
494 3323 589 3397 atque
606 3314 769 3387 infamiam
791 3313 883 3398 quasi
904 3332 964 3395 pro
982 3313 1132 3378 tribunali
1151 3314 1248 3395 iargi-

351 3418 452 3477 entes.
496 3415 580 3480 Tum
603 3415 776 3501 Spartanus
802 3414 936 3498 quisque
962 3413 1004 3478 ad
1028 3416 1149 3479 bollum
1172 3435 1247 3499 pro-
