3059 4384
346 462 365 520 6
556 472 705 525 bonusne
720 472 843 519 runnu
857 472 1041 519 uumnnuu

346 637 379 693 et
402 628 619 713 incorruptam
640 628 797 692 referens:
829 628 917 713 quod
939 613 1176 713 amplificandae
1197 626 1245 690 rei

346 730 509 795 muliebris
538 750 608 793 esse
638 730 718 794 sutis
741 742 790 795 est
818 730 1038 816 perspicuum:
1092 728 1246 792 Nondum

346 834 505 916 ingruerat
525 832 582 895 illa
601 832 743 916 publicae
764 832 927 897 felicitatis
954 832 1055 911 notio,
1077 852 1150 915 quae
1172 852 1247 894 curn

346 932 470 1020 privati
498 954 565 997 non
593 944 703 1018 posset
738 935 815 999 satis
844 934 1030 999 consistere.
1091 932 1247 996 Nondum

348 1038 473 1103 Graecis
488 1036 624 1101 desierat
642 1058 694 1101 res
709 1058 783 1101 carn
797 1057 868 1101 esse
883 1038 1018 1101 Domus.
1061 1036 1125 1099 Pro
1139 1036 1248 1100 uxori-

347 1140 410 1203 bus
431 1138 537 1204 adhuc
559 1146 592 1202 et
615 1138 735 1218 liberis,
756 1160 823 1203 non
851 1160 910 1222 pro
938 1134 1044 1222 putrih
1067 1147 1192 1201 tontum
1214 1148 1247 1201 et

348 1238 451 1323 gloriis
478 1250 634 1325 pugnant.
693 1242 787 1305 Bello
823 1240 971 1305 consecto
1004 1238 1248 1323 patresfamilias

349 1342 442 1422 fiunt,
457 1364 524 1406 non
544 1352 696 1422 oratores,
706 1341 847 1427 judices,
861 1343 989 1408 athletae
1003 1342 1136 1427 publici.
1180 1342 1249 1405 Ita-

352 1468 415 1533 que
436 1448 605 1512 mulierum
626 1448 885 1528 Homeficurum,
907 1448 990 1513 sicut
1011 1449 1160 1525 virorum,
1181 1446 1248 1509 vita

350 1550 444 1615 nobis
456 1549 584 1635 depicta
596 1562 645 1615 est
655 1552 794 1635 simplex
805 1572 882 1615 sane
893 1560 927 1615 et
939 1547 1247 1633 rustics,culti1sque

350 1663 383 1719 et
397 1653 510 1718 artium
521 1653 748 1737 elegantiorum
762 1676 889 1738 expers,
899 1653 1010 1719 eadem
1021 1662 1128 1717 tamen
1142 1651 1247 1715 dulcis

350 1764 383 1821 et
401 1756 547 1835 honesta,
562 1766 595 1821 et
615 1766 737 1821 naturae
759 1755 1011 1821 accommodata.
1060 1758 1102 1819 In
1123 1754 1248 1819 aedibus

351 1857 482 1943 quidem
502 1857 705 1922 interioribus
725 1858 861 1921 nimium
884 1866 1011 1922 aetatem
1032 1856 1164 1939 degunt,
1177 1877 1246 1920 non

348 1971 467 2040 tamen,
481 1968 518 2025 ut
533 1960 681 2025 Asiaticae
696 1962 858 2046 pleraeque
872 1971 906 2027 et
918 1962 1141 2038 Athenienses,
1155 1960 1191 2023 in
1205 1959 1244 2023 iis

348 2072 505 2146 perpetuo
534 2064 729 2127 obserentur.
789 2066 830 2128 In
858 2064 949 2143 atrio,
970 2084 1009 2127 uc
1037 2062 1144 2126 medio
1167 2083 1243 2125 con·

349 2164 491 2228 vivarum
519 2165 638 2230 circulo
668 2166 811 2251 quotidie
839 2166 929 2231 sedet
956 2168 1070 2230 Arete:
1107 2166 1244 2228 virorum

350 2266 550 2329 sermonibus
571 2266 702 2331 interest
721 2269 869 2333 Helenor
902 2268 1001 2331 libere
1023 2269 1058 2331 in
1077 2268 1244 2350 publicum

349 2368 511 2451 prodeunt
531 2370 703 2446 Nausicaa,
725 2370 961 2448 Andromache,
983 2370 1126 2434 Troades
1155 2370 1244 2433 cliae:

350 2469 518 2535 descendit
545 2471 581 2534 in
610 2494 781 2557 procorum
805 2481 926 2537 coetum
947 2474 1120 2557 Penelope,
1142 2493 1244 2557 quan·

348 2592 456 2656 quam,
485 2583 522 2637 ut
548 2594 599 2637 res
628 2576 824 2658 postulabat,
851 2577 989 2652 cautius,
1019 2585 1052 2639 et
1079 2597 1145 2638 non
1174 2576 1245 2639 sine

348 2676 529 2739 comitibus.
578 2675 667 2740 Dein
696 2678 804 2742 studio
830 2680 999 2743 mulierum
1027 2677 1174 2742 videmus
1201 2676 1245 2742 ed

347 2786 490 2843 nostrum
518 2778 704 2862 politiorum
738 2780 905 2845 hominum
934 2781 1128 2863 elegantium
1165 2780 1243 2845 satis

348 2877 507 2943 mehercle
535 2880 699 2945 inurbane.
744 2880 864 2966 Reges,
884 2903 1059 2966 regumque
1084 2882 1176 2965 pueri
1196 2904 1244 2945 ar·

347 2990 455 3044 mente
476 2980 672 3057 custodiunt,
694 2985 794 3048 boves
816 2984 858 3049 ad
880 2986 991 3070 epulas
1012 2986 1064 3047 vel
1086 2984 1244 3048 sacrificia

348 3083 479 3148 caedunt
493 3093 588 3169 atque
603 3094 732 3151 torrent.
777 3089 906 3171 Regum
920 3106 1037 3151 uxores
1056 3097 1152 3172 atque
1166 3086 1243 3149 filiae

348 3195 448 3249 artem
468 3186 651 3266 tentorium,
665 3188 770 3275 cujus,
784 3199 821 3254 ut
840 3191 927 3275 apud
948 3189 1111 3253 Heroinss
1133 3189 1243 3255 Chris·

348 3286 463 3366 lienus,
496 3288 568 3352 laus
604 3291 756 3371 maxima,
786 3302 952 3368 exercent,
982 3292 1109 3357 ancillis
1143 3312 1244 3375 pensa

348 3385 504 3471 dividunt,
526 3412 646 3475 penum
668 3404 791 3474 curent,
805 3395 934 3474 liberos,
949 3396 1077 3460 civitate
1098 3393 1243 3458 nondum

1408 935 1412 1152 l
