3059 4384
439 506 528 553 Arun
541 506 691 553 vnrnnns
706 504 844 551 cuncos
858 483 1041 550 coumno?
1174 490 1194 547 5

295 660 424 725 Eodem
446 670 603 746 spectant,
627 681 698 744 quae
729 680 825 743 super
853 670 978 723 mortuo
1008 656 1194 723 testificatur

291 763 425 827 Helena
436 787 444 826 :

360 968 428 1029 ἀλλ’
442 964 515 1029 οὕτω
529 964 615 1036 §nr
628 963 740 1030 ἄκοντα
754 966 841 1031 κακὸν
855 963 929 1044 ἔτος,
944 968 997 1029 οὐδ’
1010 963 1153 1048 ἀσύφηλον

360 1071 429 1131 ἀλλ’
443 1067 469 1132 si'
479 1068 522 1143 τίς
535 1097 572 1153 με
586 1069 636 1133 καὶ
650 1066 739 1143 ἄλλος
753 1069 790 1132 ἑνὶ
804 1067 971 1157 μεγάροισιν
985 1067 1130 1133 ἐνίπτοι-

359 1174 440 1235 ἀλλὰ
454 1172 491 1236 σὺ
504 1171 579 1260 τόνγ’
596 1171 707 1237 indecor
720 1171 931 1260 παραιφάμενος
946 1171 1096 1260 κατέρυκες

359 1280 397 1361 τῇ
410 1278 436 1339 τ’
451 1276 659 1365 ἀγανοφροσύνῃ
675 1276 722 1340 καὶ
738 1280 798 1351 τοῖς
811 1276 927 1365 ἀγανοῖς
941 1275 1061 1340 luimus.

292 1483 379 1545 Tum
409 1503 482 1546 vcro
511 1484 655 1548 Achilles
683 1484 789 1561 etiam,
811 1484 958 1547 Heroum
986 1483 1137 1566 princeps
1159 1492 1192 1545 et

294 1586 470 1667 exemplar,
479 1607 663 1669 quanquam
679 1586 713 1649 in
727 1586 888 1669 plerisque
899 1605 1012 1668 parum
1021 1584 1191 1662 humanm,

296 1687 440 1753 Briseida
454 1710 544 1751 suam
560 1689 635 1751 satis
650 1689 783 1751 honeste
799 1688 906 1765 habet,
919 1686 1070 1770 idemque
1085 1685 1190 1749 verbis

296 1789 413 1873 optime
428 1790 594 1873 conceptis
609 1811 753 1877 amorem
764 1790 967 1874 conjugalem
983 1788 1103 1866 laudat,

356 2026 441 2039 -..
458 1990 513 2053 aa
528 1986 605 2065 aaa
618 1994 685 2080 ang
700 1991 805 2079 ἀγανὸς
821 1991 870 2055 καὶ
885 1990 1010 2079 ociosa*

356 2094 404 2171 τὴν
419 2098 503 2155 αὑτοῦ
518 2092 603 2171 φιλέει
620 2096 667 2157 καὶ
684 2093 806 2172 κήδεται,
821 2095 858 2167 ὥς
874 2095 922 2155 καὶ
938 2090 997 2179 lyci
1010 2096 1058 2171 τὴν

357 2198 388 2257 ἐκ
404 2195 486 2278 θυμοῦ
501 2194 603 2280 φίλεον,
618 2196 793 2283 congruam
805 2219 858 2285 τις
871 2193 979 2260 iconas.

289 2404 323 2465 Ν
325 2424 362 2465 ec
378 2404 442 2468 alio
456 2405 535 2468 verti
550 2404 645 2469 debet
660 2404 747 2491 quod
763 2406 937 2483 Homerus,
945 2402 1010 2468 sive
1022 2403 1093 2489 quis
1108 2404 1189 2467 alius

289 2505 384 2568 luerit
412 2508 538 2589 Hymni
573 2507 770 2591 Apollinaris
807 2516 928 2586 auctor,
956 2506 1187 2587 aretalogonrm

288 2605 547 2671 Occidentalium
569 2629 670 2691 prope
692 2608 763 2685 ritu,
784 2608 915 2690 gloriam
937 2607 1075 2671 canendi
1096 2628 1188 2670 suam

288 2705 466 2789 virginibus
496 2709 599 2771 Deliis
636 2710 824 2774 servandam
861 2709 1064 2774 commendat
1091 2717 1188 2792 atquo

288 2809 536 2891 predicandam.
581 2811 666 2873 Dein
684 2812 852 2875 mulierum
869 2813 1027 2876 nobilium
1041 2832 1133 2895 reque
1147 2831 1186 2875 ac

288 2911 426 2975 virorum
445 2913 578 2976 nomina
599 2911 706 2997 Epicu
727 2915 783 2977 ills
802 2912 927 2976 ἔτνθετῶν
947 2909 1187 2997 magnificentiis

287 3013 408 3097 ubique
432 3016 655 3092 cumulantur;
686 3020 820 3081 necrol
845 3039 955 3094 unum,
976 3014 1063 3100 quod
1085 3015 1186 3078 sciam

286 3114 447 3196 equidem,
474 3116 608 3179 Homeri
632 3117 738 3180 locum
762 3118 932 3196 inveneris,
955 3137 1020 3201 quo
1045 3114 1185 3179 foeminei

286 3216 411 3295 generis
426 3227 641 3301 contemptus,
655 3217 775 3282 nedum
789 3219 899 3283 odium
914 3216 1120 3301 significetur.

136 3370 145 3399 s
330 3318 468 3382 Accedit
483 3318 570 3402 quod
586 3320 651 3383 vita
665 3342 775 3385 eonrm
790 3322 957 3385 hominurn
975 3319 1105 3403 agrestis
1119 3329 1186 3383 erat

282 3430 381 3504 atque
405 3421 518 3499 soluta,
537 3430 570 3483 ct
591 3433 747 3503 naturam,
766 3436 801 3489 ut
823 3446 895 3508 quae
917 3422 1067 3501 maxime,
1082 3420 1185 3483 vivam
