3059 4384
429 508 517 553 rrnn
533 508 679 553 vernaus
695 508 830 554 cuncos
846 490 1030 554 counrrro?
1141 496 1180 555 13

278 671 419 726 versetur
440 664 549 727 oratio.
595 663 754 735 Quorsum
775 662 861 726 euim
881 663 993 727 attinet
1009 662 1182 727 vicinitatis

279 767 441 851 AEgyptiae
470 768 504 829 in
535 766 722 849 Cyrenaicis
754 765 908 844 staminis,
936 764 1049 849 Lydiae
1085 773 1182 849 atque

281 872 385 936 Cariae
401 870 434 933 in
456 870 577 933 Ionicis
599 870 837 951 contagionem,
852 870 956 934 foedos
972 872 1078 935 Mileti
1093 893 1181 956 quae·

281 983 360 1051 stne,
386 973 524 1057 pretiosa
550 972 697 1035 Corinthi
723 971 891 1050 dedecora,
917 994 977 1036 nec
1007 986 1094 1038 certa
1119 994 1181 1037 nec

283 1075 380 1157 digna
400 1073 532 1155 cognitu
547 1072 698 1154 vestigare
719 1083 815 1157 atque
837 1071 984 1136 odorari?
1028 1074 1069 1137 In
1085 1074 1181 1158 Spar·

282 1188 426 1240 canorum
442 1186 549 1239 autem
570 1173 715 1237 exercitu
735 1172 791 1235 illo
811 1173 917 1256 potius
932 1194 1028 1257 quam
1043 1174 1181 1249 civitate,

283 1278 338 1341 ubi
358 1276 466 1339 omnis
487 1274 584 1338 ferme
607 1285 684 1338 aetas
707 1284 791 1337 esset
812 1285 867 1339 aut
888 1275 1011 1354 militia,
1028 1286 1084 1339 aut
1102 1275 1180 1341 edn-

282 1379 367 1443 catio
382 1378 537 1455 militaris,
552 1387 607 1441 aut
621 1376 790 1441 castrensis
806 1377 936 1462 quidam
951 1380 1087 1444 militnm
1102 1403 1180 1446 con-

281 1484 396 1563 victus,
416 1503 487 1567 quae
509 1482 676 1545 mulierum
699 1501 771 1544 esse
790 1480 891 1544 virtus
911 1492 968 1544 aut
986 1483 1100 1562 officia,
1115 1506 1181 1568 quo

283 1584 413 1648 tandem
436 1583 561 1648 censeri
582 1582 688 1667 potuit
709 1590 823 1647 natura
844 1582 1018 1661 muliebris,
1039 1586 1103 1648 nisi
1124 1608 1181 1671 pa-

286 1682 394 1749 riendo
409 1682 550 1747 milites?
594 1684 709 1768 Itaque
728 1683 814 1745 hunc
837 1683 871 1745 in
890 1682 993 1747 finem·
1004 1687 1095 1769 quasi
1109 1688 1182 1750 nni-

288 1808 357 1851 cum
387 1786 464 1850 dum
494 1786 580 1849 cives
609 1806 683 1874 suas
711 1784 889 1847 institueret
915 1784 1093 1868 Lycurgus,
1114 1810 1181 1851 non

284 1887 483 1969 ingeniorum
505 1887 714 1963 diversitatea
734 1907 801 1948 non
827 1884 958 1968 pudoris
982 1897 1037 1951 aut
1060 1899 1181 1953 naturae

277 1988 355 2073 jura
368 1989 477 2071 magni
493 1986 667 2051 estimavit.
705 1984 807 2069 Cujus
822 1984 1001 2069 disciplina
1016 2008 1082 2051 non
1096 1991 1183 2054 mala

283 2094 389 2158 dicam
405 2091 461 2155 sed
477 2092 606 2174 flagitia,
622 2098 776 2174 quantum
791 2089 901 2151 aberat
919 2096 955 2151 ut
974 2110 1182 2175 compensare

283 2200 394 2277 posset
408 2202 463 2256 aut
475 2192 606 2256 libertas
620 2189 794 2271 virginibus
815 2188 995 2252 necessario
1016 2191 1182 2274 permissa,

284 2305 341 2359 aut
355 2294 447 2377 siqua
461 2292 553 2356 fieret
566 2292 599 2354 in
615 2291 722 2354 choris
737 2290 896 2375 gymnicis
911 2292 1062 2355 masculae
1074 2293 1181 2377 cujus-

285 2396 361 2461 dam
376 2396 484 2479 gratiae
496 2404 528 2458 et
541 2392 788 2478 pulchritudinis
799 2392 967 2457 exhibitio.
997 2394 1082 2457 Tum
1097 2395 1182 2481 ejus·

285 2500 359 2565 dem
381 2500 509 2565 consilii
530 2510 606 2578 erat,
629 2497 716 2584 quod
740 2500 775 2561 in
801 2497 964 2562 connubia
985 2520 1124 2585 quoque,
1146 2512 1183 2567 nt

284 2626 353 2669 rem
381 2626 446 2667 non
468 2603 550 2689 juris
577 2601 693 2686 privati
722 2600 779 2664 sed
810 2600 908 2663 officii
935 2601 1072 2684 publici,
1091 2605 1183 2686 leges

285 2703 480 2781 invaderent,
506 2702 594 2787 quod
622 2700 813 2767 adulterium
841 2701 948 2781 etiam,
977 2702 1073 2768 modo
1101 2705 1181 2770 libe·

285 2824 391 2869 rorum
414 2803 506 2889 qnasi
530 2803 648 2869 tributo
674 2802 826 2866 solvendo
847 2801 948 2880 fieret,
969 2810 1050 2870 teste
1070 2807 1183 2870 Xeno·

285 2907 418 2991 phonte,
432 2926 661 2991 nonnunquam
684 2904 867 2969 sanciretur.
913 2905 999 2969 Dein
1021 2916 1183 2988 marrona,

286 3004 436 3093 adempta
451 3008 608 3091 virginum
623 3007 824 3071 institutione
845 3007 964 3091 pariter
982 3019 1014 3071 et
1026 3009 1183 3090 libertate,

286 3130 354 3173 non
390 3108 472 3174 adeo
507 3109 601 3175 facile
630 3108 832 3186 divinaveria
863 3106 1024 3193 quomodo
1057 3118 1184 3175 aetatem

288 3208 457 3293 degerint:
494 3210 615 3295 quippe
645 3210 765 3294 quibus
800 3209 847 3274 rei
882 3208 1045 3273 familiaris
1073 3232 1183 3276 curam

289 3312 436 3388 Helotes,
450 3312 588 3377 virorum
610 3312 837 3398 exceptionem
859 3311 997 3397 cymilia,
1011 3312 1183 3379 liberorum

289 3412 428 3499 denique
460 3413 681 3480 educationem
710 3413 823 3479 civitas
851 3412 1043 3498 preriperet.
1101 3414 1183 3489 Quis
