3059 4384
354 484 392 543 18
555 500 704 551 numurus
722 501 845 546 rusam
861 501 1046 547 uucrunurr

353 654 411 739 qui
432 653 619 737 tyrannidos
638 674 755 717 nomen
777 655 1013 730 abominantur,
1033 656 1068 717 in
1088 676 1153 732 cas,
1171 672 1254 737 quas

352 756 464 820 natura
479 756 540 819 sibi
555 754 716 839 subjectas
731 755 863 833 habent,
877 757 1004 840 tyranni
1026 756 1090 819 sint
1109 754 1254 817 omnium

352 858 538 949 gravissimi.
581 859 655 922 Jam
672 858 863 920 voluntatem
878 859 1041 941 publicam
1055 860 1145 938 leges
1159 856 1254 919 nimi-

352 981 421 1023 rum
445 960 673 1023 declarabunt:
706 960 740 1021 iu
764 959 879 1043 quibus
904 981 969 1022 non
993 960 1110 1045 injuria
1132 958 1255 1021 dixeris

353 1083 424 1125 eam
449 1062 617 1125 mulierum
644 1062 799 1125 rationem
827 1061 923 1126 fuisso
948 1063 1102 1139 babilam,
1123 1071 1160 1125 ut
1181 1082 1254 1145 quae

352 1186 414 1228 nec
435 1164 520 1227 cives
542 1174 659 1242 essent,
673 1184 732 1227 nec
753 1162 909 1226 homines.
955 1163 1121 1247 Siquidem
1141 1164 1254 1227 huma·

353 1288 431 1328 num
446 1286 511 1327 non
527 1276 584 1338 est,
599 1278 699 1329 utres
716 1265 870 1349 mancipi,
885 1266 921 1329 in
935 1264 1133 1350 judiciorum
1148 1266 1254 1329 venire

354 1366 630 1451 disceptationem,
653 1354 834 1451 abjudicari
864 1368 946 1445 aliis,
970 1356 1043 1431 aliis
1066 1366 1255 1451 adjudicari,

354 1469 441 1554 quod
463 1470 497 1532 in
519 1470 560 1533 iis
580 1469 729 1548 foeminis,
748 1490 822 1554 quae
844 1470 1061 1533 haereditatem
1083 1471 1255 1553 cepissent,

353 1573 451 1637 etiam
476 1583 550 1657 post
574 1572 705 1656 nuptias
729 1573 917 1636 usuvenisse
943 1580 1078 1636 constat.
1124 1572 1255 1637 Deinde

352 1674 531 1737 institutum
551 1684 587 1737 ut
606 1673 756 1737 mulieres
772 1674 833 1736 sub
848 1674 958 1751 tutela,
974 1674 1023 1735 vel
1038 1685 1153 1737 matres
1167 1672 1254 1737 filio·

352 1797 433 1854 rum,
458 1798 622 1860 nunquam
651 1798 718 1839 non
744 1776 894 1839 viverent.
939 1776 1254 1860 Gyuaeconomorum

353 1879 460 1941 officia
483 1877 646 1961 explicare
670 1898 734 1941 non
759 1877 932 1941 admodum
958 1879 1064 1942 estin
1090 1892 1251 1963 promptu.

353 1980 492 2043 Tantum
514 1979 626 2063 liquet,
641 1980 816 2043 censoriam
839 1980 1000 2063 quandam
1022 1981 1121 2045 fuisse
1143 2003 1250 2045 eorum

351 2082 386 2145 in
407 2083 557 2145 mulieres
579 2093 780 2165 potestatem,
803 2103 876 2166 quae
897 2083 1086 2166 pravitatem
1108 2095 1253 2165 argueret

352 2195 420 2248 tum
442 2184 568 2246 illorum
595 2183 651 2267 qui
680 2183 850 2260 sancirent,
877 2194 944 2247 tum
973 2183 1110 2261 illarum,
1136 2185 1254 2268 quibus

352 2286 534 2350 sanciretur.
580 2286 699 2349 Nullus
721 2285 924 2350 foeminarum
945 2287 979 2349 in
1002 2287 1254 2365 civitate-locus

351 2389 440 2451 nulla
454 2406 549 2470 porro
558 2385 684 2449 vivendi
696 2408 803 2464 causa,
814 2388 878 2451 nisi
892 2398 929 2451 ut
943 2386 1031 2451 cives
1040 2389 1254 2453 Athenienses

350 2489 484 2574 pariant.
531 2488 673 2561 Quorum
698 2490 844 2573 profecto
874 2490 970 2573 serpo
994 2491 1149 2572 reginae
1175 2512 1253 2554 con-

350 2589 530 2668 taminetur,
549 2610 615 2653 non
636 2611 701 2675 quo
721 2592 954 2656 connubiorum
975 2592 1128 2656 sanctitas
1150 2614 1252 2656 serve-

349 2705 412 2772 tur,
441 2692 597 2757 adulteria
629 2703 660 2756 et
696 2694 925 2779 inquilinorum
961 2698 1125 2761 connubia
1155 2697 1253 2781 juxta

350 2794 458 2880 poenis
473 2793 657 2858 sevissimis
673 2807 870 2861 coercentur.

393 2898 512 2961 Vemm
538 2906 618 2959 uta
644 2896 773 2980 scriptis
798 2899 925 2981 legibus
949 2901 990 2965 ad
1015 2923 1138 2966 morum
1164 2905 1252 2987 leges

350 3020 415 3063 non
432 2997 579 3081 scriptas,
594 3008 627 3059 et
646 2998 841 3063 efficaciores
861 3002 962 3064 multo
979 3012 1194 3069 transeamus:
1217 3006 1252 3067 in

350 3101 476 3165 civitate
497 3093 565 3173 illa,
585 3095 679 3181 cujus
698 3119 823 3165 summa
845 3112 930 3165 esset
951 3105 1043 3180 ratio,
1057 3105 1141 3170 nihil
1163 3126 1254 3169 coer·

350 3225 435 3281 cere,
453 3202 590 3267 educare
611 3202 731 3279 omnia,
750 3224 789 3266 ea
808 3214 875 3269 erat
891 3207 1060 3271 mulierum
1081 3209 1251 3288 institutio,

349 3316 386 3369 ut
399 3312 624 3369 coercerentur
638 3310 775 3381 tanturn,
790 3325 856 3367 non
871 3304 1091 3373 educarentur.
1129 3313 1170 3375 In
1184 3332 1250 3375 mc·

350 3406 412 3471 diis
438 3404 551 3469 artium
578 3422 616 3466 ac
643 3401 817 3467 litterarum
845 3407 1080 3490 splendoribus,
1102 3413 1136 3475 in
1161 3412 1251 3489 urbe,
