3059 4384
429 519 517 565 acon
532 517 681 563 vernans
695 517 830 563 onmcos
845 500 1031 562 conomro?
1140 503 1180 561 27

328 672 413 737 Haec
435 683 510 735 sunt
530 672 638 750 ferme,
653 694 725 756 quae
745 673 787 736 de
807 672 994 735 Graecarum
1014 671 1184 734 mulierum

284 774 470 839 conditione
499 776 665 838 enucleare
694 775 864 858 potuimus.
923 774 1040 857 Operae
1076 784 1184 837 tamen

284 878 422 961 pretium
437 888 486 941 est
499 876 606 941 videre
621 898 770 960 quaenam
785 876 826 939 de
844 873 908 939 bic
923 897 956 938 re
972 876 1185 958 cogitaverint

284 1002 322 1045 ae
348 981 504 1045 senserint
528 980 584 1064 qui
609 1001 652 1043 ex
677 980 756 1063 ipsis
783 978 907 1042 Graecis
935 978 1186 1059 ingeniosissimi

285 1082 473 1145 exstiterint.
532 1082 584 1144 De
620 1080 778 1163 Euripide
811 1078 953 1162 quidem,
989 1078 1186 1163 philosopho

285 1181 425 1258 scenico,
448 1180 518 1265 jam
543 1180 679 1245 antehac
705 1181 803 1243 verba
827 1179 972 1243 fecimus.
1017 1178 1185 1252 Quidum

283 1286 317 1347 in
339 1284 406 1363 ills,
428 1304 523 1368 quam
545 1284 666 1347 circum
688 1304 723 1345 se
744 1282 840 1359 videt,
855 1279 1016 1346 societatis
1036 1282 1186 1345 humanae

284 1384 407 1449 ratione
429 1384 615 1469 acquiescit,
629 1404 690 1446 nec
709 1382 897 1445 mutandam
916 1403 998 1459 eam,
1012 1382 1071 1445 sed
1090 1382 1185 1466 perfi-

285 1484 433 1551 ciendam
452 1486 571 1562 statuit,
586 1484 668 1547 nihil
683 1484 825 1557 omnino,
841 1484 869 1545 si
889 1482 932 1546 ad
951 1484 1094 1546 calculos
1113 1502 1186 1546 eum

286 1609 426 1663 revoces,
442 1587 482 1651 de
503 1587 703 1650 foeminarum
725 1586 926 1650 institutione
948 1586 1105 1671 praecipit,
1125 1588 1187 1651 nisi

221 1742 223 1745 .
287 1701 323 1752 ut
337 1690 452 1753 arctius
467 1710 505 1753 ac
521 1688 705 1771 diligentius
720 1688 951 1751 custodiantur.
992 1690 1108 1773 Itaque
1123 1689 1186 1753 hoc

288 1813 446 1876 nusquam
460 1812 526 1855 non
541 1792 609 1872 agit
622 1789 810 1875 hujusmodi
823 1793 914 1856 locos
927 1791 1119 1876 proferendo

601 1938 669 2001 αὐτὸ
683 1940 758 2000 τοῦτ’
774 1936 921 2022 ἐφέλκεται

417 2048 510 2116 κακῶς
525 2040 641 2122 ἀκούειν,
657 2042 715 2119 ἥτις
730 2045 780 2103 οὐκ
793 2042 864 2106 ἔνδον
878 2041 962 2125 μένει.

283 2202 330 2264 Et

416 2332 485 2394 ἀλλ’
501 2329 604 2411 οὔποτ’,
619 2329 721 2413 οὔποτ’,
735 2333 765 2393 οὔ
780 2332 841 2416 γὰρ
856 2328 979 2409 εἰσάπαξ
993 2334 1046 2419 ὲςῶ

413 2437 474 2522 χρὴ
490 2432 553 2507 τούς
567 2460 604 2521 γε
618 2440 675 2497 νοῦν
688 2434 819 2521 ἔχοντας,
835 2432 872 2507 οἷς
885 2433 962 2498 ἔστιν
976 2439 1057 2521 γυνὴ,

416 2535 483 2625 aeds
496 2540 544 2615 τὴν
559 2540 586 2601 ἐν
601 2535 683 2610 οἴκοις
696 2537 807 2621 ἄλοχον
822 2538 957 2612 indotatis
971 2540 1018 2601 ἔαν

414 2644 561 2728 γυναῖκας·
584 2640 668 2704 οὗτοι
683 2643 743 2727 γὰρ
757 2637 922 2702 διδάσκαλοι
938 2646 1041 2705 κακῶν.
1156 2715 1159 2720 1

287 2825 380 2887 Plato
401 2835 508 2885 autem
528 2832 560 2885 et
581 2819 778 2899 Aristoteles,
793 2834 829 2885 ut
849 2820 954 2899 decet,
973 2824 1075 2886 multo
1094 2824 1188 2887 altius

285 2948 352 2990 rem
367 2934 505 2989 movent.
552 2925 655 2989 Sentit
678 2933 808 3008 uterque
829 2924 997 2987 scientiam
1011 2926 1188 3008 politicam,

287 3026 376 3112 quod
413 3027 454 3090 ad
490 3028 637 3090 foeminas
673 3026 797 3103 attinet,
826 3025 962 3107 graviter
997 3027 1188 3105 claudicare,
1260 3104 1262 3110 Α

286 3140 410 3213 partem
425 3128 562 3192 civitatis
579 3127 745 3191 dimidiam
761 3127 854 3211 quasi
868 3127 1016 3191 inutilem
1031 3138 1064 3191 et
1077 3148 1187 3211 super-

287 3251 459 3295 vacaneam
475 3230 673 3309 trahi,nu11t
695 3229 887 3293 educatione
908 3242 963 3293 aut
983 3230 1154 3315 disciplina
1168 3252 1189 3295 a

287 3332 594 3418 rerumpublicarum
618 3332 837 3397 conditoribus
859 3330 1034 3413 dignatam,
1048 3334 1131 3397 nihil
1147 3334 1189 3398 ad

288 3438 471 3517 felicitatem
491 3437 652 3520 publicam
673 3437 905 3515 conferentem,
920 3438 1001 3501 nibil
1021 3438 1098 3502 inde
1117 3460 1188 3522 per·
