3059 4384
340 440 378 499 12
541 452 690 505 cunnum
706 452 830 497 nunnrr
844 451 1023 498 nunnnuu
1110 507 1112 512 ,

334 608 472 691 physica
494 606 641 693 quaednm
663 616 758 690 atque
781 605 923 690 politica.
976 607 1105 669 Morum
1128 616 1236 669 vetus-

336 708 449 771 tiorum
475 730 624 792 suprema
652 708 785 771 sortasse
807 708 942 789 vestigia
966 707 1053 790 apud
1074 708 1233 771 Achaicus

335 810 449 887 ltaliae,
464 812 608 875 AEolicus
627 812 765 874 Boeouae
786 832 825 875 ac
844 811 942 874 Lesbi
961 811 1106 874 civitates
1120 810 1232 894 depre-

334 912 502 977 henderis:
538 936 580 977 ex
605 914 668 977 illis
695 923 780 977 certe
805 911 1027 995 Pythagoricae
1052 912 1233 995 complures

334 1018 475 1082 foeminae
498 1020 698 1096 exstiterunt,
724 1038 768 1081 ex
793 1017 845 1079 his
871 1016 1024 1090 Corinna,
1050 1015 1179 1098 Myrtis,
1199 1025 1234 1078 et

334 1142 408 1185 cum
438 1120 607 1205 discipulis
637 1120 703 1183 suis
732 1119 891 1203 Sapph03
928 1140 1061 1201 quarum
1100 1119 1232 1181 libertas

333 1222 470 1287 honesta
491 1234 523 1286 ct
541 1224 676 1285 litterata
696 1220 779 1285 adeo
799 1231 910 1283 contra
929 1242 1049 1283 morem
1064 1233 1096 1283 et
1109 1231 1233 1283 rectum

333 1324 446 1387 alienis
467 1323 642 1401 videbatur,
657 1334 693 1385 ut
712 1324 799 1387 laesae
820 1322 973 1386 continuo
995 1320 1160 1405 pudicitie
1182 1320 1232 1381 in-

334 1426 541 1490 simularetur.
576 1427 662 1489 Nam
678 1448 752 1489 cum
768 1425 903 1489 eruditio
919 1424 1022 1487 omnis
1037 1436 1070 1487 et
1084 1423 1232 1487 educatio

333 1528 496 1612 publicam
521 1528 624 1591 solum
653 1527 836 1591 felicitatem
867 1536 1012 1609 spectare
1042 1524 1232 1602 crederetur,

332 1630 403 1695 fieri
429 1652 495 1693 non
520 1629 633 1715 potuit,
655 1629 732 1715 quin
755 1629 947 1692 adimeretur
967 1628 1019 1705 iis,
1042 1648 1176 1711 quarum
1197 1627 1232 1690 in

333 1732 483 1795 felicitate
519 1730 648 1815 publicd
680 1740 787 1815 partes
815 1731 913 1793 nullae
941 1751 1011 1793 esse
1039 1728 1232 1793 viderentur.

334 1831 432 1907 Quod
448 1842 553 1896 autem
573 1832 691 1895 arctius
709 1832 797 1895 domi
817 1829 1061 1895 occluderentur
1082 1831 1234 1909 foeminae,

333 1934 449 2018 partim
464 1954 511 2011 ea,
526 1954 597 2017 quae
612 1932 857 1997 memoravimus
876 1934 911 1997 in
931 1954 1029 1997 cansa
1042 1933 1141 1995 fuisse
1156 1954 1232 1995 ceu·

334 2058 399 2114 seo,
424 2035 541 2119 partim
567 2033 735 2099 derelictus
763 2058 814 2100 res
842 2036 989 2111 rusticas,
1014 2045 1048 2099 et
1072 2056 1233 2099 servorum

332 2139 481 2202 manibus
510 2138 721 2217 transmissos,
744 2140 858 2223 partim
883 2139 1012 2221 ingenia
1033 2139 1106 2222 ipsa
1130 2138 1234 2202 homi·

332 2262 409 2303 num
433 2240 493 2303 sub
518 2238 702 2323 hujusmodi
726 2240 880 2309 institutis
902 2253 935 2304 et
956 2240 1163 2324 opinionibus
1186 2239 1232 2301 vi·

332 2342 486 2407 ventium.
529 2344 609 2416 Quae
625 2342 754 2427 quidem
773 2344 882 2406 omniu
900 2344 947 2407 ita
966 2342 1233 2427 praetervehamur

333 2452 468 2529 oportet,
489 2454 526 2507 ut
547 2465 619 2527 quae
641 2465 699 2527 per
720 2453 822 2507 totum
844 2445 908 2507 fere
930 2445 1081 2508 orationis
1103 2464 1233 2507 cursum

331 2544 535 2629 respicienda
549 2544 614 2607 sint
627 2554 660 2607 et
674 2544 882 2609 observande

375 2649 449 2711 Jam
478 2646 642 2709 civitatum
671 2668 741 2710 vere
773 2648 1015 2712 Hellenicarum
1052 2647 1125 2711 duae
1158 2657 1233 2710 sunt

331 2748 502 2833 primariae,
518 2757 550 2810 et
565 2748 657 2831 quasi
674 2748 707 2811 in
724 2749 840 2813 eodem
860 2771 974 2832 genere
993 2749 1231 2813 diversissimae:

333 2852 449 2934 Sparta
463 2849 587 2913 scilicet
602 2861 697 2933 atque
713 2852 858 2913 Athenae.
904 2851 1046 2923 Quarum
1066 2850 1147 2913 adeo
1166 2872 1233 2913 non

332 2964 396 3017 tam
426 2953 461 3015 in
490 2954 586 3015 rebus
622 2953 749 3016 bellicis
787 2964 881 3038 atque
911 2954 1069 3030 civilibus,
1097 2974 1169 3036 quae
1197 2953 1233 3015 in

332 3066 455 3139 gentes,
471 3067 506 3119 ut
525 3078 611 3120 nuuc
632 3068 717 3137 sunt,
733 3058 963 3122 Occidentalcs
983 3056 1151 3121 commode
1171 3067 1232 3120 tra·

333 3158 409 3221 duci
423 3159 479 3222 vix
493 3168 638 3242 possunt,
654 3182 749 3244 quam
766 3161 801 3223 in
821 3158 1029 3243 opinionibus
1044 3169 1077 3221 et
1091 3160 1232 3223 moribus

333 3258 462 3323 demum
497 3260 728 3343 investigandis
757 3260 951 3343 cognitionis
982 3280 1105 3323 summu
1136 3257 1231 3321 nobis

331 3362 438 3445 posita
461 3371 517 3425 est.
564 3363 677 3447 Itaque
705 3363 789 3427 circa
814 3362 873 3425 has
896 3361 1098 3445 potissimum
1124 3369 1232 3421 nostra

730 4173 1420 4209 ...mw
