<?xml version="1.0" encoding="UTF-8"?>
<!DOCTYPE html PUBLIC "-//W3C//DTD XHTML 1.0 Transitional//EN"
    "http://www.w3.org/TR/xhtml1/DTD/xhtml1-transitional.dtd">
<html xmlns="http://www.w3.org/1999/xhtml" xml:lang="en" lang="en">
 <head>
  <title>
</title>
<meta http-equiv="Content-Type" content="text/html;charset=utf-8" />
  <meta name='ocr-system' content='tesseract 3.04.00' />
  <meta name='ocr-capabilities' content='ocr_page ocr_carea ocr_par ocr_line ocrx_word'/>
</head>
<body>
  <div class='ocr_page' id='page_1' title='image "./qunamfueritmuli00oxfogoog_0014.png"; bbox 0 0 3059 4384; ppageno 0'>
   <div class='ocr_carea' id='block_1_1' title="bbox 357 460 1051 531">
    <p class='ocr_par' dir='ltr' id='par_1_1' title="bbox 357 460 1051 531">
     <span class='ocr_line' id='line_1_1' title="bbox 357 460 1051 531; baseline 0.013 -10"><span class='ocrx_word' id='word_1_1' title='bbox 357 460 397 521; x_wconf 86' lang='lat'><strong>10</strong></span> <span class='ocrx_word' id='word_1_2' title='bbox 564 480 715 531; x_wconf 75' lang='lat' dir='ltr'><strong>comune</strong></span> <span class='ocrx_word' id='word_1_3' title='bbox 732 481 1051 529; x_wconf 73' lang='lat' dir='ltr'><strong>recuruumurmr</strong></span> 
     </span>
    </p>
   </div>
   <div class='ocr_carea' id='block_1_2' title="bbox 349 631 1253 1125">
    <p class='ocr_par' dir='ltr' id='par_1_2' title="bbox 349 631 1253 1125">
     <span class='ocr_line' id='line_1_2' title="bbox 352 631 1252 719; baseline 0.012 -26"><span class='ocrx_word' id='word_1_4' title='bbox 352 631 454 695; x_wconf 88' lang='lat' dir='ltr'><strong>titisse</strong></span> <span class='ocrx_word' id='word_1_5' title='bbox 488 634 669 719; x_wconf 78' lang='lat' dir='ltr'><strong>scriptores,</strong></span> <span class='ocrx_word' id='word_1_6' title='bbox 699 635 787 699; x_wconf 91' lang='lat' dir='ltr'><strong>unde</strong></span> <span class='ocrx_word' id='word_1_7' title='bbox 815 648 920 700; x_wconf 82' lang='lat' dir='ltr'><strong>vetem</strong></span> <span class='ocrx_word' id='word_1_8' title='bbox 948 658 1081 719; x_wconf 78' lang='lat' dir='ltr'><strong>argues:</strong></span> <span class='ocrx_word' id='word_1_9' title='bbox 1117 640 1252 703; x_wconf 83' lang='lat' dir='ltr'><strong>fatorum</strong></span> 
     </span>
     <span class='ocr_line' id='line_1_3' title="bbox 350 733 1253 822; baseline 0.012 -27"><span class='ocrx_word' id='word_1_10' title='bbox 350 733 522 811; x_wconf 89' lang='lat' dir='ltr'><strong>beneficio,</strong></span> <span class='ocrx_word' id='word_1_11' title='bbox 544 758 610 799; x_wconf 90' lang='lat' dir='ltr'><strong>nou</strong></span> <span class='ocrx_word' id='word_1_12' title='bbox 631 738 762 802; x_wconf 79' lang='lat' dir='ltr'><strong>veritate</strong></span> <span class='ocrx_word' id='word_1_13' title='bbox 785 739 947 822; x_wconf 89' lang='lat' dir='ltr'><strong>corrumpi</strong></span> <span class='ocrx_word' id='word_1_14' title='bbox 973 738 1158 822; x_wconf 67' lang='lat' dir='ltr'><strong>importuni</strong></span> <span class='ocrx_word' id='word_1_15' title='bbox 1176 743 1253 805; x_wconf 91' lang='lat' dir='ltr'><strong>Mu·</strong></span> 
     </span>
     <span class='ocr_line' id='line_1_4' title="bbox 351 836 1253 921; baseline 0.011 -24"><span class='ocrx_word' id='word_1_16' title='bbox 351 854 456 899; x_wconf 88' lang='lat' dir='ltr'><strong>serum</strong></span> <span class='ocrx_word' id='word_1_17' title='bbox 476 836 559 900; x_wconf 90' lang='lat' dir='ltr'><strong>illud</strong></span> <span class='ocrx_word' id='word_1_18' title='bbox 580 838 740 921; x_wconf 83' lang='lat' dir='ltr'><strong>Elysium,</strong></span> <span class='ocrx_word' id='word_1_19' title='bbox 762 860 907 905; x_wconf 84' lang='lat' dir='ltr'><strong>curumm</strong></span> <span class='ocrx_word' id='word_1_20' title='bbox 927 838 1162 921; x_wconf 83' lang='lat' dir='ltr'><strong>diverticulum,</strong></span> <span class='ocrx_word' id='word_1_21' title='bbox 1176 843 1253 907; x_wconf 87' lang='lat' dir='ltr'><strong>solis</strong></span> 
     </span>
     <span class='ocr_line' id='line_1_5' title="bbox 349 938 1252 1026; baseline 0.011 -27"><span class='ocrx_word' id='word_1_22' title='bbox 349 957 388 1000; x_wconf 84' lang='lat' dir='ltr'><strong>ec</strong></span> <span class='ocrx_word' id='word_1_23' title='bbox 403 939 542 1021; x_wconf 88' lang='lat' dir='ltr'><strong>pulveris</strong></span> <span class='ocrx_word' id='word_1_24' title='bbox 556 938 773 1023; x_wconf 67' lang='lat' dir='ltr'><strong>refrigerium</strong></span> <span class='ocrx_word' id='word_1_25' title='bbox 800 942 853 1006; x_wconf 91' lang='lat' dir='ltr'><strong>cui</strong></span> <span class='ocrx_word' id='word_1_26' title='bbox 868 963 935 1005; x_wconf 90' lang='lat' dir='ltr'><strong>non</strong></span> <span class='ocrx_word' id='word_1_27' title='bbox 949 941 1066 1026; x_wconf 68' lang='lat' dir='ltr'><strong>injurii</strong></span> <span class='ocrx_word' id='word_1_28' title='bbox 1081 944 1137 1007; x_wconf 83' lang='lat' dir='ltr'><strong>illa</strong></span> <span class='ocrx_word' id='word_1_29' title='bbox 1151 955 1252 1009; x_wconf 81' lang='lat' dir='ltr'><strong>trous·</strong></span> 
     </span>
     <span class='ocr_line' id='line_1_6' title="bbox 349 1038 1251 1125; baseline 0.007 -22"><span class='ocrx_word' id='word_1_30' title='bbox 349 1038 483 1119; x_wconf 86' lang='lat' dir='ltr'><strong>miseris,</strong></span> <span class='ocrx_word' id='word_1_31' title='bbox 494 1040 612 1125; x_wconf 90' lang='lat' dir='ltr'><strong>quibus</strong></span> <span class='ocrx_word' id='word_1_32' title='bbox 623 1043 766 1107; x_wconf 89' lang='lat' dir='ltr'><strong>Deorum</strong></span> <span class='ocrx_word' id='word_1_33' title='bbox 781 1045 890 1108; x_wconf 87' lang='lat' dir='ltr'><strong>sedem</strong></span> <span class='ocrx_word' id='word_1_34' title='bbox 900 1045 1065 1109; x_wconf 90' lang='lat' dir='ltr'><strong>Homerus</strong></span> <span class='ocrx_word' id='word_1_35' title='bbox 1074 1047 1251 1111; x_wconf 81' lang='lat' dir='ltr'>exornavit.</span> 
     </span>
    </p>
   </div>
   <div class='ocr_carea' id='block_1_3' title="bbox 412 1242 1172 1543">
    <p class='ocr_par' dir='ltr' id='par_1_3' title="bbox 412 1242 1172 1543">
     <span class='ocr_line' id='line_1_7' title="bbox 414 1242 1172 1336; baseline 0.009 -31"><span class='ocrx_word' id='word_1_36' title='bbox 414 1280 501 1293; x_wconf 92' lang='lat'><strong>-·-</strong></span> <span class='ocrx_word' id='word_1_37' title='bbox 515 1242 570 1307; x_wconf 79' lang='grc' dir='ltr'><strong>οὔτ’</strong></span> <span class='ocrx_word' id='word_1_38' title='bbox 586 1243 712 1327; x_wconf 76' lang='grc' dir='ltr'><strong>ἀνέμοισι</strong></span> <span class='ocrx_word' id='word_1_39' title='bbox 727 1243 905 1327; x_wconf 76' lang='grc' dir='ltr'><strong><em>τινάσσεται,</em></strong></span> <span class='ocrx_word' id='word_1_40' title='bbox 920 1246 982 1311; x_wconf 78' lang='grc' dir='ltr'><strong><em>οὔτε</em></strong></span> <span class='ocrx_word' id='word_1_41' title='bbox 995 1251 1058 1311; x_wconf 83' lang='grc' dir='ltr'><strong><em>τοτ’</em></strong></span> <span class='ocrx_word' id='word_1_42' title='bbox 1073 1246 1172 1336; x_wconf 69' lang='grc' dir='ltr'><strong><em>ὄμβρῳ</em></strong></span> 
     </span>
     <span class='ocr_line' id='line_1_8' title="bbox 413 1345 1171 1439; baseline 0.009 -30"><span class='ocrx_word' id='word_1_43' title='bbox 413 1345 528 1428; x_wconf 76' lang='grc' dir='ltr'><strong><em>δεύεται,</em></strong></span> <span class='ocrx_word' id='word_1_44' title='bbox 543 1346 604 1411; x_wconf 77' lang='grc' dir='ltr'><strong><em>οὔτε</em></strong></span> <span class='ocrx_word' id='word_1_45' title='bbox 615 1348 693 1435; x_wconf 73' lang='grc' dir='ltr'><strong><em>χίαν</em></strong></span> <span class='ocrx_word' id='word_1_46' title='bbox 707 1348 897 1429; x_wconf 78' lang='grc' dir='ltr'><strong>ἐπιπίλναται,</strong></span> <span class='ocrx_word' id='word_1_47' title='bbox 913 1352 994 1415; x_wconf 72' lang='grc' dir='ltr'><strong>ἀλλὰ</strong></span> <span class='ocrx_word' id='word_1_48' title='bbox 1008 1350 1080 1433; x_wconf 73' lang='grc' dir='ltr'><strong>μάλ’</strong></span> <span class='ocrx_word' id='word_1_49' title='bbox 1095 1350 1171 1439; x_wconf 60' lang='lat' dir='ltr'><strong>ailon</strong></span> 
     </span>
     <span class='ocr_line' id='line_1_9' title="bbox 412 1450 1171 1543; baseline 0.012 -30"><span class='ocrx_word' id='word_1_50' title='bbox 412 1450 555 1515; x_wconf 76' lang='grc' dir='ltr'><strong><em>πέπαται</em></strong></span> <span class='ocrx_word' id='word_1_51' title='bbox 570 1450 730 1532; x_wconf 59' lang='lat' dir='ltr'><strong>donicatus,</strong></span> <span class='ocrx_word' id='word_1_52' title='bbox 745 1457 834 1533; x_wconf 77' lang='grc' dir='ltr'><strong>λευκὴ</strong></span> <span class='ocrx_word' id='word_1_53' title='bbox 847 1455 872 1518; x_wconf 81' lang='grc' dir='ltr'><strong>δ’</strong></span> <span class='ocrx_word' id='word_1_54' title='bbox 886 1453 1056 1543; x_wconf 63' lang='grc' dir='ltr'><strong>ἐπιδέδρομεν</strong></span> <span class='ocrx_word' id='word_1_55' title='bbox 1070 1454 1171 1543; x_wconf 76' lang='grc' dir='ltr'><strong><em>αἴγλη.</em></strong></span> 
     </span>
    </p>
   </div>
   <div class='ocr_carea' id='block_1_4' title="bbox 333 1657 1252 3485">
    <p class='ocr_par' dir='ltr' id='par_1_4' title="bbox 333 1657 1252 3485">
     <span class='ocr_line' id='line_1_10' title="bbox 349 1657 1252 1745; baseline 0.006 -27"><span class='ocrx_word' id='word_1_56' title='bbox 349 1657 396 1719; x_wconf 88' lang='lat' dir='ltr'><strong>Ut</strong></span> <span class='ocrx_word' id='word_1_57' title='bbox 424 1678 499 1721; x_wconf 90' lang='lat' dir='ltr'><strong>vero</strong></span> <span class='ocrx_word' id='word_1_58' title='bbox 529 1658 702 1745; x_wconf 84' lang='lat' dir='ltr'><strong>dissipatur</strong></span> <span class='ocrx_word' id='word_1_59' title='bbox 731 1662 825 1743; x_wconf 83' lang='lat' dir='ltr'><strong>quusi</strong></span> <span class='ocrx_word' id='word_1_60' title='bbox 853 1663 956 1725; x_wconf 87' lang='lat' dir='ltr'><strong>nubes</strong></span> <span class='ocrx_word' id='word_1_61' title='bbox 984 1662 1052 1738; x_wconf 91' lang='lat' dir='ltr'><strong>illa,</strong></span> <span class='ocrx_word' id='word_1_62' title='bbox 1075 1682 1146 1745; x_wconf 82' lang='lat' dir='ltr'><strong>quoe</strong></span> <span class='ocrx_word' id='word_1_63' title='bbox 1176 1671 1252 1745; x_wconf 90' lang='lat' dir='ltr'><strong>post</strong></span> 
     </span>
     <span class='ocr_line' id='line_1_11' title="bbox 348 1758 1250 1837; baseline 0.006 -17"><span class='ocrx_word' id='word_1_64' title='bbox 348 1758 556 1823; x_wconf 84' lang='lat' dir='ltr'><strong>Homericam</strong></span> <span class='ocrx_word' id='word_1_65' title='bbox 578 1772 705 1825; x_wconf 84' lang='lat' dir='ltr'><strong>aetatem</strong></span> <span class='ocrx_word' id='word_1_66' title='bbox 729 1763 824 1825; x_wconf 87' lang='lat' dir='ltr'><strong>rebus</strong></span> <span class='ocrx_word' id='word_1_67' title='bbox 850 1762 1033 1826; x_wconf 87' lang='lat' dir='ltr'><strong>Hellenicis</strong></span> <span class='ocrx_word' id='word_1_68' title='bbox 1056 1762 1250 1837; x_wconf 85' lang='lat' dir='ltr'><strong>obvolvitur,</strong></span> 
     </span>
     <span class='ocr_line' id='line_1_12' title="bbox 347 1861 1250 1938; baseline 0.002 -15"><span class='ocrx_word' id='word_1_69' title='bbox 347 1861 567 1926; x_wconf 88' lang='lat' dir='ltr'><strong>relucescente</strong></span> <span class='ocrx_word' id='word_1_70' title='bbox 598 1862 752 1927; x_wconf 89' lang='lat' dir='ltr'><strong>continuo</strong></span> <span class='ocrx_word' id='word_1_71' title='bbox 787 1874 909 1927; x_wconf 81' lang='lat' dir='ltr'><strong>mutata</strong></span> <span class='ocrx_word' id='word_1_72' title='bbox 937 1861 1083 1925; x_wconf 90' lang='lat' dir='ltr'><strong>videmus</strong></span> <span class='ocrx_word' id='word_1_73' title='bbox 1118 1863 1250 1938; x_wconf 84' lang='lat' dir='ltr'><strong>omuia3</strong></span> 
     </span>
     <span class='ocr_line' id='line_1_13' title="bbox 347 1962 1250 2049; baseline 0.002 -24"><span class='ocrx_word' id='word_1_74' title='bbox 347 1984 409 2026; x_wconf 91' lang='lat' dir='ltr'><strong>nec</strong></span> <span class='ocrx_word' id='word_1_75' title='bbox 436 1962 543 2027; x_wconf 83' lang='lat' dir='ltr'><strong>civilia</strong></span> <span class='ocrx_word' id='word_1_76' title='bbox 566 1964 679 2046; x_wconf 85' lang='lat' dir='ltr'><strong>magis,</strong></span> <span class='ocrx_word' id='word_1_77' title='bbox 702 1986 799 2049; x_wconf 83' lang='lat' dir='ltr'><strong>quem</strong></span> <span class='ocrx_word' id='word_1_78' title='bbox 825 1964 1012 2029; x_wconf 86' lang='lat' dir='ltr'><strong>domestice.</strong></span> <span class='ocrx_word' id='word_1_79' title='bbox 1055 1965 1119 2027; x_wconf 93' lang='lat' dir='ltr'><strong>Pro</strong></span> <span class='ocrx_word' id='word_1_80' title='bbox 1145 1964 1250 2027; x_wconf 62' lang='lat' dir='ltr'><strong>soluti</strong></span> 
     </span>
     <span class='ocr_line' id='line_1_14' title="bbox 347 2066 1250 2152; baseline 0.002 -23"><span class='ocrx_word' id='word_1_81' title='bbox 347 2066 537 2131; x_wconf 89' lang='lat' dir='ltr'><strong>rusticorum</strong></span> <span class='ocrx_word' id='word_1_82' title='bbox 554 2066 720 2132; x_wconf 90' lang='lat' dir='ltr'><strong>hominum</strong></span> <span class='ocrx_word' id='word_1_83' title='bbox 735 2069 900 2133; x_wconf 79' lang='lat' dir='ltr'><strong>vicinitate</strong></span> <span class='ocrx_word' id='word_1_84' title='bbox 918 2067 1040 2152; x_wconf 91' lang='lat' dir='ltr'><strong>ubique</strong></span> <span class='ocrx_word' id='word_1_85' title='bbox 1054 2069 1119 2132; x_wconf 89' lang='lat' dir='ltr'><strong>fere</strong></span> <span class='ocrx_word' id='word_1_86' title='bbox 1134 2068 1250 2131; x_wconf 85' lang='lat' dir='ltr'><strong>invasit</strong></span> 
     </span>
     <span class='ocr_line' id='line_1_15' title="bbox 347 2168 1250 2255; baseline 0.001 -25"><span class='ocrx_word' id='word_1_87' title='bbox 347 2168 540 2231; x_wconf 86' lang='lat' dir='ltr'><strong>urbanomm</strong></span> <span class='ocrx_word' id='word_1_88' title='bbox 556 2169 691 2234; x_wconf 80' lang='lat' dir='ltr'><strong>societas</strong></span> <span class='ocrx_word' id='word_1_89' title='bbox 706 2182 793 2235; x_wconf 84' lang='lat' dir='ltr'><strong>arcta</strong></span> <span class='ocrx_word' id='word_1_90' title='bbox 807 2182 841 2234; x_wconf 91' lang='lat' dir='ltr'><strong>et</strong></span> <span class='ocrx_word' id='word_1_91' title='bbox 854 2191 939 2255; x_wconf 90' lang='lat' dir='ltr'><strong>pene</strong></span> <span class='ocrx_word' id='word_1_92' title='bbox 953 2170 1131 2234; x_wconf 82' lang='lat' dir='ltr'><strong>familiaris:</strong></span> <span class='ocrx_word' id='word_1_93' title='bbox 1155 2170 1250 2233; x_wconf 86' lang='lat' dir='ltr'><strong>simul</strong></span> 
     </span>
     <span class='ocr_line' id='line_1_16' title="bbox 348 2268 1250 2356; baseline 0 -23"><span class='ocrx_word' id='word_1_94' title='bbox 348 2268 496 2333; x_wconf 84' lang='lat' dir='ltr'><strong>Civitatis</strong></span> <span class='ocrx_word' id='word_1_95' title='bbox 517 2270 644 2355; x_wconf 90' lang='lat' dir='ltr'><strong>species</strong></span> <span class='ocrx_word' id='word_1_96' title='bbox 661 2272 728 2352; x_wconf 86' lang='lat' dir='ltr'><strong>ille,</strong></span> <span class='ocrx_word' id='word_1_97' title='bbox 747 2294 871 2336; x_wconf 91' lang='lat' dir='ltr'><strong>morum</strong></span> <span class='ocrx_word' id='word_1_98' title='bbox 887 2273 1132 2336; x_wconf 89' lang='lat' dir='ltr'><strong>Hellenicorum</strong></span> <span class='ocrx_word' id='word_1_99' title='bbox 1150 2272 1250 2356; x_wconf 86' lang='lat' dir='ltr'><strong>pestis</strong></span> 
     </span>
     <span class='ocr_line' id='line_1_17' title="bbox 347 2371 1250 2457; baseline 0.002 -22"><span class='ocrx_word' id='word_1_100' title='bbox 347 2380 445 2456; x_wconf 80' lang='lat' dir='ltr'><strong>atquo</strong></span> <span class='ocrx_word' id='word_1_101' title='bbox 466 2374 697 2453; x_wconf 86' lang='lat' dir='ltr'><strong>conturbatrix,</strong></span> <span class='ocrx_word' id='word_1_102' title='bbox 716 2371 783 2457; x_wconf 71' lang='lat' dir='ltr'><strong>quei</strong></span> <span class='ocrx_word' id='word_1_103' title='bbox 804 2375 949 2437; x_wconf 91' lang='lat' dir='ltr'><strong>omnium</strong></span> <span class='ocrx_word' id='word_1_104' title='bbox 973 2374 1136 2437; x_wconf 80' lang='lat' dir='ltr'><strong>actionum</strong></span> <span class='ocrx_word' id='word_1_105' title='bbox 1157 2374 1250 2449; x_wconf 84' lang='lat' dir='ltr'><strong>fines,</strong></span> 
     </span>
     <span class='ocr_line' id='line_1_18' title="bbox 347 2474 1250 2558; baseline 0 -21"><span class='ocrx_word' id='word_1_106' title='bbox 347 2474 452 2537; x_wconf 91' lang='lat' dir='ltr'><strong>omnis</strong></span> <span class='ocrx_word' id='word_1_107' title='bbox 466 2475 613 2554; x_wconf 83' lang='lat' dir='ltr'><strong>felicitas,</strong></span> <span class='ocrx_word' id='word_1_108' title='bbox 625 2476 659 2537; x_wconf 90' lang='lat' dir='ltr'><strong>in</strong></span> <span class='ocrx_word' id='word_1_109' title='bbox 671 2477 841 2558; x_wconf 92' lang='lat' dir='ltr'><strong>publicum</strong></span> <span class='ocrx_word' id='word_1_110' title='bbox 851 2476 1080 2554; x_wconf 84' lang='lat' dir='ltr'><strong>conferrentur,</strong></span> <span class='ocrx_word' id='word_1_111' title='bbox 1089 2477 1250 2539; x_wconf 87' lang='lat' dir='ltr'><strong>tolleretur</strong></span> 
     </span>
     <span class='ocr_line' id='line_1_19' title="bbox 347 2577 1249 2662; baseline 0.001 -24"><span class='ocrx_word' id='word_1_112' title='bbox 347 2577 580 2659; x_wconf 87' lang='lat' dir='ltr'><strong>propemodum</strong></span> <span class='ocrx_word' id='word_1_113' title='bbox 591 2578 656 2641; x_wconf 83' lang='lat' dir='ltr'><strong>vite</strong></span> <span class='ocrx_word' id='word_1_114' title='bbox 668 2598 705 2641; x_wconf 83' lang='lat' dir='ltr'><strong>ac</strong></span> <span class='ocrx_word' id='word_1_115' title='bbox 717 2578 855 2642; x_wconf 83' lang='lat' dir='ltr'><strong>felicitas</strong></span> <span class='ocrx_word' id='word_1_116' title='bbox 867 2578 1059 2641; x_wconf 87' lang='lat' dir='ltr'><strong>domestica:</strong></span> <span class='ocrx_word' id='word_1_117' title='bbox 1084 2599 1150 2662; x_wconf 93' lang='lat' dir='ltr'><strong>quo</strong></span> <span class='ocrx_word' id='word_1_118' title='bbox 1164 2577 1249 2640; x_wconf 84' lang='lat' dir='ltr'><strong>facto</strong></span> 
     </span>
     <span class='ocr_line' id='line_1_20' title="bbox 333 2682 1250 2764; baseline 0.004 -25"><span class='ocrx_word' id='word_1_119' title='bbox 333 2700 415 2742; x_wconf 68' lang='lat' dir='ltr'><strong>,non</strong></span> <span class='ocrx_word' id='word_1_120' title='bbox 430 2682 536 2763; x_wconf 91' lang='lat' dir='ltr'><strong>potuit</strong></span> <span class='ocrx_word' id='word_1_121' title='bbox 554 2702 621 2745; x_wconf 89' lang='lat' dir='ltr'><strong>nou</strong></span> <span class='ocrx_word' id='word_1_122' title='bbox 641 2684 777 2745; x_wconf 91' lang='lat' dir='ltr'><strong>multum</strong></span> <span class='ocrx_word' id='word_1_123' title='bbox 791 2682 938 2746; x_wconf 92' lang='lat' dir='ltr'><strong>imminui</strong></span> <span class='ocrx_word' id='word_1_124' title='bbox 958 2684 1083 2764; x_wconf 82' lang='lat' dir='ltr'><strong>generis</strong></span> <span class='ocrx_word' id='word_1_125' title='bbox 1105 2682 1250 2745; x_wconf 81' lang='lat' dir='ltr'><strong>foeminei</strong></span> 
     </span>
     <span class='ocr_line' id='line_1_21' title="bbox 348 2781 1248 2867; baseline 0.003 -23"><span class='ocrx_word' id='word_1_126' title='bbox 348 2781 489 2864; x_wconf 81' lang='lat' dir='ltr'><strong>dignitus</strong></span> <span class='ocrx_word' id='word_1_127' title='bbox 513 2794 609 2867; x_wconf 84' lang='lat' dir='ltr'><strong>etque</strong></span> <span class='ocrx_word' id='word_1_128' title='bbox 631 2794 840 2849; x_wconf 87' lang='lat' dir='ltr'><strong>momentum.</strong></span> <span class='ocrx_word' id='word_1_129' title='bbox 894 2786 1001 2858; x_wconf 82' lang='lat' dir='ltr'><strong>Quam</strong></span> <span class='ocrx_word' id='word_1_130' title='bbox 1024 2806 1101 2849; x_wconf 85' lang='lat' dir='ltr'><strong>sene</strong></span> <span class='ocrx_word' id='word_1_131' title='bbox 1125 2806 1248 2849; x_wconf 87' lang='lat' dir='ltr'><strong>morum</strong></span> 
     </span>
     <span class='ocr_line' id='line_1_22' title="bbox 346 2886 1250 2952; baseline 0.002 -5"><span class='ocrx_word' id='word_1_132' title='bbox 346 2886 556 2950; x_wconf 88' lang='lat' dir='ltr'><strong>mutationem</strong></span> <span class='ocrx_word' id='word_1_133' title='bbox 576 2887 671 2950; x_wconf 81' lang='lat' dir='ltr'><strong>refert</strong></span> <span class='ocrx_word' id='word_1_134' title='bbox 689 2896 756 2951; x_wconf 91' lang='lat' dir='ltr'><strong>tum</strong></span> <span class='ocrx_word' id='word_1_135' title='bbox 772 2888 1002 2952; x_wconf 76' lang='lat' dir='ltr'><strong>Architecture</strong></span> <span class='ocrx_word' id='word_1_136' title='bbox 1023 2888 1103 2951; x_wconf 79' lang='lat' dir='ltr'><strong>ratio</strong></span> <span class='ocrx_word' id='word_1_137' title='bbox 1126 2908 1250 2950; x_wconf 87' lang='lat' dir='ltr'><strong>summa</strong></span> 
     </span>
     <span class='ocr_line' id='line_1_23' title="bbox 347 2990 1248 3075; baseline 0.002 -22"><span class='ocrx_word' id='word_1_138' title='bbox 347 2990 512 3072; x_wconf 82' lang='lat' dir='ltr'><strong>oprivatis</strong></span> <span class='ocrx_word' id='word_1_139' title='bbox 527 2990 684 3071; x_wconf 88' lang='lat' dir='ltr'><strong>aedlficiis,</strong></span> <span class='ocrx_word' id='word_1_140' title='bbox 699 2992 776 3055; x_wconf 86' lang='lat' dir='ltr'><strong>satis</strong></span> <span class='ocrx_word' id='word_1_141' title='bbox 797 2992 861 3055; x_wconf 85' lang='lat' dir='ltr'><strong>illis</strong></span> <span class='ocrx_word' id='word_1_142' title='bbox 876 2990 1008 3074; x_wconf 92' lang='lat' dir='ltr'><strong>quidem</strong></span> <span class='ocrx_word' id='word_1_143' title='bbox 1023 2991 1111 3075; x_wconf 85' lang='lat' dir='ltr'><strong>apud</strong></span> <span class='ocrx_word' id='word_1_144' title='bbox 1124 2992 1248 3055; x_wconf 92' lang='lat' dir='ltr'><strong>Home-</strong></span> 
     </span>
     <span class='ocr_line' id='line_1_24' title="bbox 347 3092 1248 3178; baseline 0.003 -24"><span class='ocrx_word' id='word_1_145' title='bbox 347 3092 432 3156; x_wconf 90' lang='lat' dir='ltr'><strong>ricos</strong></span> <span class='ocrx_word' id='word_1_146' title='bbox 447 3094 561 3177; x_wconf 85' lang='lat' dir='ltr'><strong>amplis</strong></span> <span class='ocrx_word' id='word_1_147' title='bbox 578 3105 673 3178; x_wconf 83' lang='lat' dir='ltr'><strong>etque</strong></span> <span class='ocrx_word' id='word_1_148' title='bbox 694 3094 883 3173; x_wconf 89' lang='lat' dir='ltr'><strong>commodis,</strong></span> <span class='ocrx_word' id='word_1_149' title='bbox 897 3095 931 3157; x_wconf 88' lang='lat' dir='ltr'><strong>in</strong></span> <span class='ocrx_word' id='word_1_150' title='bbox 951 3095 1154 3176; x_wconf 90' lang='lat' dir='ltr'><strong>publicorum</strong></span> <span class='ocrx_word' id='word_1_151' title='bbox 1173 3116 1248 3178; x_wconf 89' lang='lat' dir='ltr'><strong>ope-</strong></span> 
     </span>
     <span class='ocr_line' id='line_1_25' title="bbox 346 3196 1250 3278; baseline 0 -21"><span class='ocrx_word' id='word_1_152' title='bbox 346 3215 418 3257; x_wconf 92' lang='lat' dir='ltr'><strong>rum</strong></span> <span class='ocrx_word' id='word_1_153' title='bbox 436 3196 707 3278; x_wconf 80' lang='lat' dir='ltr'><strong>magnificentiam</strong></span> <span class='ocrx_word' id='word_1_154' title='bbox 727 3216 894 3274; x_wconf 81' lang='lat' dir='ltr'><strong>converse,</strong></span> <span class='ocrx_word' id='word_1_155' title='bbox 909 3207 976 3259; x_wconf 90' lang='lat' dir='ltr'><strong>tum</strong></span> <span class='ocrx_word' id='word_1_156' title='bbox 995 3196 1201 3259; x_wconf 82' lang='lat' dir='ltr'><strong>certaminum</strong></span> <span class='ocrx_word' id='word_1_157' title='bbox 1217 3206 1250 3257; x_wconf 85' lang='lat' dir='ltr'><strong>et</strong></span> 
     </span>
     <span class='ocr_line' id='line_1_26' title="bbox 347 3294 1248 3382; baseline 0 -25"><span class='ocrx_word' id='word_1_158' title='bbox 347 3298 614 3378; x_wconf 77' lang='lat' dir='ltr'><strong>spectaculorum,</strong></span> <span class='ocrx_word' id='word_1_159' title='bbox 630 3308 665 3360; x_wconf 90' lang='lat' dir='ltr'><strong>ut</strong></span> <span class='ocrx_word' id='word_1_160' title='bbox 684 3317 756 3382; x_wconf 90' lang='lat' dir='ltr'><strong>quae</strong></span> <span class='ocrx_word' id='word_1_161' title='bbox 777 3318 828 3359; x_wconf 87' lang='lat' dir='ltr'><strong>res</strong></span> <span class='ocrx_word' id='word_1_162' title='bbox 847 3307 954 3361; x_wconf 86' lang='lat' dir='ltr'><strong>esseut</strong></span> <span class='ocrx_word' id='word_1_163' title='bbox 968 3296 1114 3361; x_wconf 87' lang='lat' dir='ltr'><strong>utilitatis</strong></span> <span class='ocrx_word' id='word_1_164' title='bbox 1132 3317 1171 3359; x_wconf 86' lang='lat' dir='ltr'><strong>ec</strong></span> <span class='ocrx_word' id='word_1_165' title='bbox 1193 3294 1248 3357; x_wconf 90' lang='lat' dir='ltr'><strong>de-</strong></span> 
     </span>
     <span class='ocr_line' id='line_1_27' title="bbox 346 3398 1249 3485; baseline 0.001 -26"><span class='ocrx_word' id='word_1_166' title='bbox 346 3398 526 3463; x_wconf 80' lang='lat' dir='ltr'><strong>lectationis</strong></span> <span class='ocrx_word' id='word_1_167' title='bbox 541 3401 691 3485; x_wconf 65' lang='lat' dir='ltr'><strong>publicar,</strong></span> <span class='ocrx_word' id='word_1_168' title='bbox 706 3411 851 3483; x_wconf 87' lang='lat' dir='ltr'><strong>sumptus</strong></span> <span class='ocrx_word' id='word_1_169' title='bbox 867 3402 949 3464; x_wconf 87' lang='lat' dir='ltr'><strong>ultra</strong></span> <span class='ocrx_word' id='word_1_170' title='bbox 964 3400 1096 3465; x_wconf 90' lang='lat' dir='ltr'><strong>modum</strong></span> <span class='ocrx_word' id='word_1_171' title='bbox 1112 3398 1249 3483; x_wconf 88' lang='lat' dir='ltr'><strong>amplifi-</strong></span> 
     </span>
    </p>
   </div>
   <div class='ocr_carea' id='block_1_5' title="bbox 1413 3501 1416 3598">
    <p class='ocr_par' dir='ltr' id='par_1_5' title="bbox 1413 3501 1416 3598">
     <span class='ocr_line' id='line_1_28' title="bbox 1413 3501 1416 3598; baseline 0 0"><span class='ocrx_word' id='word_1_172' title='bbox 1413 3501 1416 3598; x_wconf 82' lang='lat' dir='ltr'><strong>l</strong></span> 
     </span>
    </p>
   </div>
   <div class='ocr_carea' id='block_1_6' title="bbox 0 0 1534 4384">
    <p class='ocr_par' dir='ltr' id='par_1_6' title="bbox 0 0 1534 4384">
     <span class='ocr_line' id='line_1_29' title="bbox 0 0 1534 4384; baseline 0 1"><span class='ocrx_word' id='word_1_173' title='bbox 0 0 1534 4384; x_wconf 95' lang='lat' dir='ltr'><strong> </strong></span> 
     </span>
    </p>
   </div>
  </div>
 </body>
</html>
