3059 4384
440 512 528 557 aron
542 512 691 559 varanes
707 511 845 558 cuncos
859 489 1042 556 conorrrol
1149 497 1187 555 17

289 666 506 746 prarationem
528 668 679 743 lucteris3
709 658 823 744 altera,
837 687 878 729 ne
901 665 980 750 quid
1001 674 1113 730 contra
1133 686 1189 728 na·

287 778 389 831 turam
415 770 540 851 legibus
564 770 758 833 contendast
795 790 922 850 gravem
947 770 1090 852 profecto
1116 790 1187 833 eam

286 868 462 953 majestatis
477 892 543 933 suae
557 872 643 935 laesae
659 892 729 935 esse
745 870 916 934 vindicem.

331 972 437 1044 Quem
462 992 597 1035 errorem
622 972 745 1037 scilicet
771 973 895 1054 egregie
921 971 1101 1037 declinasse
1123 972 1188 1037 sibi

286 1072 477 1137 videbantur
505 1074 563 1152 illi,
593 1074 634 1138 ad
665 1088 748 1159 quos
778 1074 907 1138 devenit
935 1075 1037 1138 oratio
1068 1083 1186 1154 nostra,

288 1177 515 1261 Spartanorum
530 1178 636 1240 aemuli
651 1177 874 1241 Athenienses.
918 1176 1008 1249 Quid
1023 1177 1120 1260 igitur
1128 1175 1187 1241 l-

286 1279 318 1341 in
343 1273 455 1342 adulta
478 1276 547 1360 jam
574 1288 670 1362 atque
700 1275 825 1343 maturi
852 1278 1067 1357 Democratid,
1092 1280 1187 1365 cujus

284 1381 404 1462 imago,
428 1390 465 1443 ut
491 1379 617 1463 opinor,
640 1402 767 1465 semper
794 1379 956 1443 mentibus
984 1382 1100 1445 nostris
1128 1383 1186 1446 ob·

285 1491 438 1556 versatur,
455 1480 579 1565 quoties
594 1480 634 1544 de
650 1480 793 1545 moribus
810 1480 1061 1544 Atheniensibus
1076 1487 1187 1567 loqua-

284 1604 364 1659 mur,
380 1583 407 1646 si
422 1582 496 1667 quis
511 1582 679 1661 Periclem,
692 1593 783 1669 puta,
791 1583 1029 1665 interrogasset,
1037 1582 1186 1669 quisnam

286 1686 430 1749 libertate
451 1679 508 1747 illb
529 1694 596 1748 tam
619 1681 793 1749 decantati
817 1691 903 1747 esset
927 1680 1056 1764 dignus,
1075 1706 1185 1751 nonne

286 1810 494 1873 responsums
515 1790 645 1865 fuisset3
675 1811 760 1879 oum,
775 1790 830 1873 qui
850 1788 931 1852 ciris
951 1799 1030 1852 natu
1049 1800 1135 1853 esset
1153 1799 1186 1855 et

283 1892 452 1975 ingenuus,
465 1889 615 1977 idemque
630 1893 773 1956 moribus
787 1888 960 1955 honestus?
988 1888 1075 1963 Quid
1089 1890 1186 1974 igitur

282 1994 317 2056 in
341 1991 439 2059 causa
459 2006 518 2074 est,
534 1995 707 2080 quominus
726 2014 798 2057 eam
816 1992 958 2057 foeminis
977 2012 1107 2076 quoque
1124 1994 1184 2057 im-

281 2095 426 2181 pertiar?
472 2097 557 2160 Nam
578 2094 794 2172 imbecillitas,
813 2092 921 2169 credo,
940 2115 1038 2178 quam
1060 2094 1185 2158 causari

281 2208 386 2281 potes,
402 2199 483 2263 nihil
497 2193 658 2261 natalibus
678 2206 733 2260 aut
751 2216 875 2259 morum
893 2194 1055 2259 honestati
1074 2195 1183 2259 officit

281 2301 373 2366 Ecce
386 2303 574 2367 libertatem
595 2312 683 2366 tuam
703 2300 837 2365 dimidia
854 2301 906 2365 sui
926 2310 1015 2385 parte
1034 2322 1183 2367 mancam

282 2414 315 2468 et
328 2405 558 2490 imperfectam.
603 2405 677 2469 Nisi
698 2405 778 2469 forte
797 2426 869 2469 eam
889 2405 1069 2469 libertatem
1089 2405 1183 2471 intel·
1218 2397 1222 2405 ’

282 2507 366 2590 ligis,
379 2508 443 2593 qua
456 2510 647 2575 effrenantur
660 2507 812 2573 libidines
825 2507 1053 2594 potentiorum.
1084 2509 1183 2582 Quod

282 2614 310 2677 si
324 2612 495 2691 concedas,
508 2632 596 2675 nunc
613 2611 742 2675 demum
761 2611 843 2676 ratio
861 2621 918 2675 tua
931 2610 993 2673 sibi
1008 2613 1181 2677 consentit.

281 2714 372 2778 Nihil
402 2722 514 2779 contra
541 2712 697 2777 libertatis
725 2734 844 2777 nomen
872 2712 995 2777 faciunt
1015 2712 1102 2776 cives
1123 2714 1182 2792 tui,

280 2816 370 2900 quod
392 2830 543 2879 terrarum
572 2813 717 2877 omnium
739 2812 992 2876 dominationem
1018 2833 1082 2896 quo
1105 2812 1180 2897 jure

280 2918 408 3003 quaque
436 2915 551 3001 injuria
584 2914 647 2979 sibi
682 2913 867 2988 moliuntur,
897 2912 985 2998 quod
1020 2912 1181 2997 imperant

279 3018 390 3096 servis,
411 3016 588 3102 inquilinis,
610 3015 718 3094 sociis,
740 3014 828 3098 quod
851 3014 1019 3077 mulierum
1041 3011 1181 3099 deniquo

278 3117 491 3181 imbecillitati
505 3118 641 3199 superbe
657 3124 754 3199 atque
769 3114 889 3179 nefarie
903 3114 1068 3179 insultant.
1106 3115 1179 3177 Nec

279 3219 521 3285 admirationem
540 3220 598 3283 ulli
619 3238 745 3283 movere
761 3218 869 3295 debet,
883 3216 912 3279 si
925 3215 1073 3279 odiosum
1087 3216 1180 3280 illum

279 3323 330 3387 sui
345 3342 495 3400 amorem,
511 3342 587 3405 quo,
603 3322 663 3385 sub
680 3320 836 3405 speciosis
849 3317 1036 3381 nominibus
1050 3317 1180 3382 comitia

279 3424 424 3506 flagrant,
446 3422 480 3485 in
504 3419 714 3486 domesticam
737 3440 866 3503 quoque
889 3419 987 3483 vitam
1012 3418 1125 3495 ferant,
1148 3428 1180 3481 et

720 3539 742 3584 n
