3059 4384
459 512 548 557 Aron
563 513 709 559 varanes
724 514 861 559 suecos
875 495 1055 560 couorrro?
1167 503 1209 563 28

303 683 412 727 carum
443 678 637 731 momentum
668 678 797 733 auctum
828 668 954 733 videtur
982 671 1075 749 velle,
1103 681 1137 735 et
1164 672 1207 735 ad

300 764 497 847 mitigandos
519 768 686 833 hominum
716 769 837 832 furores
859 782 892 833 ct
921 768 1065 833 sananda
1094 772 1205 854 patriae

300 865 433 929 vulnera
462 887 660 931 conversum.
715 868 812 941 Quod
842 891 915 933 vero
946 870 1018 953 quis
1040 869 1204 936 foemineas

299 964 448 1049 AEschyli
477 980 510 1031 et
539 968 712 1051 Sophoclis
744 990 899 1053 personas
929 969 1025 1032 nobis
1061 970 1204 1055 objiciat,

299 1067 617 1133 animadvertendum
634 1083 683 1135 est
697 1072 769 1145 hos,
783 1080 895 1135 contra
909 1080 1005 1154 atquc
1017 1072 1203 1156 Euripides,

299 1188 373 1231 cum
403 1170 536 1233 materie
565 1168 719 1251 Heroich,
750 1173 911 1235 Heroicos
940 1193 1069 1257 quoque
1098 1195 1202 1241 mores

297 1293 480 1350 assumere3
510 1272 585 1357 jure
614 1286 781 1359 poetarum
816 1296 922 1339 servas
951 1276 985 1339 in
1021 1277 1199 1343 libertatem

297 1374 460 1439 vindicare
472 1399 481 1451 3
505 1374 664 1441 desiderio
680 1377 820 1461 denique
835 1377 958 1441 mederi
971 1378 1091 1463 potius,
1105 1402 1201 1464 quam

297 1479 488 1541 sententiam
504 1479 570 1541 voti
586 1491 768 1563 compotem
785 1478 959 1541 includere.
1006 1480 1199 1565 Quanquam

297 1599 362 1640 non
380 1580 513 1643 tacitum
536 1580 684 1665 equidem
701 1580 896 1664 reliquerim,
912 1579 1118 1665 Sophoclem,
1134 1578 1199 1667 qud

301 1692 365 1743 erat
392 1704 511 1746 serenae
541 1684 655 1747 mentis
685 1682 897 1767 amplitudine
929 1694 962 1747 et
989 1683 1198 1765 humanitate,

299 1803 394 1847 unum
404 1786 594 1869 scriptorum
604 1785 845 1849 Atheniensium
856 1794 1002 1849 naturam
1010 1785 1197 1851 muliebrem

297 1894 328 1947 ct
342 1886 476 1950 subtiles
498 1888 657 1952 foemineae
672 1884 792 1949 indolis
811 1887 935 1949 colores
950 1887 1041 1969 quasi
1055 1887 1196 1969 benigno

294 1990 403 2053 animo
432 1991 592 2073 amplecti.
638 1991 756 2071 Neque
786 1988 929 2071 profecto
959 2010 1026 2051 non
1053 1988 1194 2055 divinare

291 2091 371 2155 licet
393 2113 466 2155 cum
489 2092 522 2153 iu
545 2090 669 2154 caeteris
690 2090 788 2151 rebus
809 2096 904 2171 atque
926 2089 1053 2167 officiis,
1069 2099 1138 2154 tum
1159 2092 1195 2155 in

293 2190 494 2255 soeminarum
511 2192 601 2254 cultu
623 2202 655 2252 et
678 2187 917 2251 existimatione
936 2188 1096 2251 exstitisse
1113 2212 1194 2253 non-

291 2293 399 2355 nullos
428 2294 563 2357 Athenis
592 2302 697 2369 natos,
725 2312 792 2353 non
821 2288 1043 2352 Athenienses.
1091 2293 1195 2357 Erant

293 2404 380 2457 certe
403 2396 460 2479 qui
482 2395 705 2479 Sophistarum
732 2401 824 2455 aetate
848 2390 1013 2453 Socratem
1035 2390 1193 2474 audirent,

292 2514 428 2576 quorum
451 2496 551 2577 gratis
574 2496 627 2558 ille
649 2495 744 2556 vitam
771 2512 861 2555 suam
884 2511 959 2553 vero
984 2490 1192 2575 impenderet.

293 2596 485 2681 Quanquam
522 2600 572 2660 vel
608 2596 774 2659 nominato
803 2593 945 2669 Socrate,
976 2594 1129 2660 continuo
1158 2597 1193 2660 in

291 2711 432 2763 mentem
465 2699 589 2762 invadit
619 2698 734 2761 acerba
763 2718 841 2759 sane
871 2695 1064 2775 recordatio,
1092 2698 1192 2779 illam,
1263 2760 1266 2766 ,

292 2822 389 2884 quam
412 2822 509 2865 unam
531 2801 674 2863 omnium
697 2799 838 2861 maxime
860 2795 973 2860 adesse
999 2810 1191 2882 oportuerat,

291 2921 364 2964 cum
379 2902 408 2964 is
423 2901 463 2965 de
478 2903 569 2965 Malo
590 2911 686 2983 atque
702 2899 797 2962 Falso
812 2908 913 2961 morte
936 2897 1066 2961 demum
1082 2902 1191 2965 trium-

290 3003 415 3085 pharet,
429 3025 449 3067 a
463 3023 611 3088 supremo
634 3012 665 3065 et
683 3000 791 3065 divino
813 3000 869 3062 illo
884 2998 943 3061 viri
964 3001 1139 3086 colloquio,
1154 3012 1192 3068 ut

289 3104 455 3187 indignam
497 3105 648 3168 nimirum
691 3113 723 3167 et
764 3102 943 3176 molestam,
986 3106 1188 3171 summoveri.

290 3207 410 3269 Verum
425 3206 495 3271 haec
515 3218 681 3290 utcunque
702 3203 828 3281 suerint,
842 3202 929 3285 vulgi
944 3214 1030 3266 certe
1044 3206 1095 3267 vel
1111 3227 1189 3270 can·

290 3306 468 3371 didioribus
498 3308 615 3371 animis
644 3307 775 3382 nullam,
798 3304 907 3379 credo,
933 3304 1188 3386 indignationem

290 3408 449 3485 movisset,
464 3408 492 3471 si
507 3419 612 3471 orator
627 3406 786 3492 quispiam
801 3414 971 3488 postquam
986 3405 1061 3467 viris
1077 3410 1187 3492 patriar
