3059 4384
341 471 361 527 4
548 486 696 537 commu
711 486 833 531 rusum
848 486 1029 531 uurruuou

340 637 427 702 noris
443 639 657 704 aestimeretur.
702 639 877 704 Mulierum
896 651 1003 704 tamen
1019 640 1234 704 conditionem

340 742 554 806 honestiorem
579 742 675 806 fuisse
704 743 805 805 multo
834 753 928 827 atque
951 743 1126 824 digniorem
1150 733 1236 826 apud

341 843 535 907 Homericos
553 845 634 921 illos,
649 866 742 929 quam
759 845 792 906 in
807 845 984 922 liberrimis,
1000 846 1027 909 si
1043 847 1104 909 Dis
1117 848 1238 930 placet,

340 946 526 1009 recentioris
552 946 688 1009 Graeciae
717 946 908 1027 civitatibus,
934 959 966 1012 et
995 948 1101 1025 credo,
1124 959 1155 1011 et
1183 968 1236 1012 me

340 1050 546 1133 probaturum
565 1070 670 1133 spero.
715 1048 817 1133 Cujus
835 1051 880 1114 rei
900 1073 1005 1115 causae
1020 1052 1148 1114 suntab
1164 1047 1237 1135 ipsu

340 1150 485 1213 Heroum
510 1149 618 1213 indole
642 1146 835 1231 repetendae.
881 1149 977 1212 Hauc
1004 1170 1087 1226 vero,
1110 1161 1145 1212 ut
1170 1170 1236 1213 car-

340 1250 462 1314 minum
500 1248 743 1313 Homericorum
781 1251 913 1333 speculo
948 1252 1058 1328 uteris,
1089 1251 1236 1313 Heroum

341 1352 600 1417 occidentalium
640 1372 706 1413 non
750 1371 879 1432 prorsus
916 1350 1102 1414 dissimilem
1138 1352 1236 1415 fuisse

342 1453 479 1518 dixeris:
510 1452 606 1516 modo
636 1452 807 1533 religiones
833 1453 968 1532 eximas,
993 1464 1025 1517 et
1050 1454 1105 1537 qui
1131 1454 1171 1518 ab
1196 1454 1236 1517 iis

340 1554 485 1639 pendent
513 1574 615 1615 mores
644 1563 738 1635 atquc
768 1553 909 1616 affectus·
962 1554 1167 1635 Argumento,
1195 1576 1237 1618 ne

341 1668 414 1721 ecte
435 1658 529 1720 toties
550 1676 692 1738 agamus,
715 1654 943 1738 Shalresperius
964 1656 1023 1719 erit
1043 1665 1162 1734 noster,
1180 1658 1237 1741 qui

342 1759 595 1824 Christianorum
624 1757 781 1840 Equitum
810 1780 913 1822 mores
942 1769 1038 1843 atque
1063 1780 1237 1835 sermones,

340 1884 407 1927 non
432 1863 500 1925 sine
531 1858 755 1925 convenientis
781 1857 920 1945 quddam
950 1871 1046 1945 atque
1075 1857 1237 1937 decentii,

340 1954 486 2049 personis
507 1963 691 2027 Homericis
713 1975 841 2027 mutuos
867 1963 997 2027 dederit.
1050 1962 1235 2027 Istiusmodi

340 2089 415 2131 vero
439 2066 575 2143 animus,
597 2075 633 2130 ut
659 2065 826 2130 sublimior
848 2076 896 2130 est
918 2088 956 2130 ao
979 2068 1171 2147 generosior,
1192 2068 1237 2131 ita

342 2168 454 2252 sudpte
476 2168 589 2233 naturri
611 2168 811 2233 foeminarum
831 2167 1067 2253 quodammodo
1087 2189 1237 2231 verecun-

342 2270 428 2335 diam
443 2272 551 2335 affert:
575 2279 660 2335 certe
682 2292 748 2333 non
768 2270 797 2332 is
816 2281 876 2349 est,
890 2271 947 2353 qui
966 2271 999 2333 in
1013 2270 1238 2334 imbecilliores

342 2393 376 2437 se
406 2372 516 2435 sortem
539 2374 692 2455 praebeat,
714 2383 769 2435 aut
785 2371 906 2456 justam
928 2372 968 2435 iis
988 2372 1167 2435 libertatem
1187 2371 1238 2434 in·

342 2473 448 2556 dignis
463 2471 701 2555 suspicionibus
714 2470 876 2553 praecidat
923 2469 987 2533 Sed
1002 2471 1151 2553 exempla
1164 2490 1238 2552 pro-

339 2576 420 2639 ferre
434 2574 469 2636 iu
484 2583 634 2658 promptu
649 2582 705 2635 est.
749 2572 859 2655 Ipsius
873 2571 1026 2635 Hectoris
1040 2592 1187 2654 persona,
1202 2572 1238 2635 in

342 2672 416 2761 quit,
430 2685 466 2738 ut
480 2674 586 2753 nobiS,
600 2674 646 2737 ita
660 2672 787 2737 sibimet
805 2673 868 2757 ipsi
887 2672 1060 2737 admodum
1079 2672 1238 2755 placuisse

341 2778 518 2841 Homerum
529 2776 665 2839 libenter
676 2772 876 2853 crediderim,
886 2774 972 2838 unde
985 2774 1085 2855 magis
1096 2774 1238 2837 colorem

341 2883 448 2961 trehit,
469 2902 565 2966 quarn
590 2880 630 2944 ab
656 2878 782 2962 egregit
802 2875 859 2941 ult
881 2888 946 2942 tum
972 2877 1083 2941 uxoris
1105 2877 1238 2941 caritate

341 2996 408 3049 tum
424 2992 605 3049 caeterarum
620 2982 787 3045 mulierum
803 2978 1024 3045 observantis?
1056 2980 1124 3043 Hic
1138 2980 1236 3055 enim,

342 3088 506 3151 orantibus
523 3085 600 3162 suis,
614 3094 651 3148 ut
665 3106 698 3148 se
713 3084 819 3147 ultrici
833 3083 969 3147 Achillis
987 3082 1043 3146 irae
1063 3085 1237 3163 subtrahat,

341 3189 503 3254 obstinato
517 3190 550 3251 in
564 3196 696 3251 mortem
712 3188 819 3251 animo
833 3186 879 3249 ita
892 3206 1001 3249 secum
1016 3196 1141 3271 reputet
1149 3209 1160 3264 ;

407 3296 450 3355 νῦν
465 3292 486 3353 δ’
501 3290 556 3353 ἐπεὶ
572 3286 669 3352 ὤλεσα
683 3286 752 3351 λαὸν
765 3284 970 3373 ἀτασθαλίῃσιν
983 3289 1082 3374 ἐμῇσιν

408 3390 531 3476 αἰδέομαι
546 3397 647 3481 Τςῶας
662 3392 710 3457 καὶ
724 3390 922 3461 Trauos}
936 3387 1158 3461 ἑλκεσιπέπλους.
