3059 4384
422 496 508 541 rruu
524 493 671 538 varenas
687 490 820 538 caucos
836 472 1017 537 coumrro?
1131 461 1169 537 lb

271 651 422 716 ficiscens
444 652 592 733 clypeum
614 670 634 711 a
656 657 755 712 matre
778 658 834 711 aut
855 668 956 709 uxore
978 646 1170 731 accipiebat.

271 752 324 815 Ad
353 750 490 815 eandem
519 759 575 814 aut
602 748 760 812 referebat
789 769 874 825 eum,
903 755 958 811 aut
985 747 1020 809 in
1049 768 1088 810 eo
1123 767 1172 811 re·

271 854 440 917 serebatur.
484 851 599 913 ‘Malo
628 850 662 911 iu
688 869 813 913 rumore
836 848 893 928 es,'
916 848 1001 911 dixit
1023 849 1173 933 cuipiam,

274 953 331 1037 qui
356 951 484 1015 infamis
506 972 526 1014 a
550 950 636 1014 bello
665 948 812 1027 redierat,
832 959 944 1028 mater,
964 950 1089 1031 ‘quem
1116 957 1174 1012 aut

273 1055 397 1119 diluere
416 1064 449 1117 te
468 1062 605 1135 oportet,
618 1060 673 1115 aut
691 1050 794 1114 mori.'
839 1050 936 1124 Quid,
952 1049 1041 1134 quod
1062 1048 1104 1127 ei,
1117 1048 1175 1131 qui

276 1154 471 1221 fortitudinis
494 1155 600 1217 labem
616 1161 827 1229 contraxerat,
841 1152 962 1215 nubere
976 1150 1177 1231 refugiebant

276 1276 399 1335 omnes,
423 1254 510 1340 quod
540 1256 678 1319 iurentoe
704 1254 813 1332 etiam,
834 1274 906 1337 quae
936 1272 1010 1315 suos
1034 1251 1177 1335 ipsarum

276 1359 361 1423 filios
384 1358 427 1421 ob
451 1358 585 1439 ignaviae
612 1357 732 1420 crimen
762 1354 956 1419 occiderent.
1001 1353 1176 1417 Sententiae

277 1483 349 1526 vero
372 1460 447 1538 illae,
470 1482 490 1523 a
512 1460 661 1525 Lacaenis
683 1459 849 1523 nobilibus
870 1456 976 1530 edite,
1000 1476 1080 1539 quas
1101 1456 1178 1519 Plu·

277 1564 407 1629 tarchus
427 1564 540 1627 litteris
562 1562 716 1641 exaravit,
738 1583 835 1647 qnam
856 1562 951 1644 plane
973 1560 1095 1623 animas
1114 1559 1180 1642 Ly·

281 1665 416 1747 curgioae
431 1663 612 1749 disciplina
635 1664 747 1749 spiritu
768 1663 893 1727 afflatas
906 1658 1064 1725 referunt!
1102 1661 1180 1723 Non

282 1764 398 1850 injuriis
424 1787 500 1829 sane
527 1766 615 1831 Deas
640 1767 757 1849 pariter
783 1786 822 1831 ac
845 1764 938 1829 Deos
960 1773 1096 1827 armatas
1117 1762 1181 1826 sibi

281 1866 446 1948 fingebant
468 1866 719 1930 Laccdaemonii.
754 1868 852 1929 'Non
877 1865 1033 1929 immerito
1060 1863 1182 1927 dixeris

281 1968 486 2031 memorabile
515 1967 599 2031 illud
629 1990 667 2032 ac
697 1989 797 2052 prope
827 1967 959 2029 unicum
989 1965 1181 2029 obedientiae

282 2074 447 2155 Spartanae
459 2072 623 2155 specimen
639 2070 725 2153 apud
737 2070 972 2153 Thermopylas
987 2069 1108 2133 editum
1117 2081 1183 2133 tam

283 2174 325 2239 ad
344 2174 503 2252 foeminas,
518 2194 613 2257 quam
636 2173 678 2237 ad
702 2174 796 2248 viros,
811 2182 876 2237 tam
898 2172 939 2236 ad
955 2175 1066 2255 Gorgo
1086 2195 1183 2257 quam

283 2276 325 2339 ad
355 2274 533 2339 Leonidam
564 2276 769 2359 pertinuisse.
813 2274 917 2339 Modo
945 2276 1184 2339 meminerimus

283 2380 367 2443 hauc
389 2379 529 2461 speciem
550 2378 768 2442 unanimitatis
793 2378 934 2462 politicae
956 2376 1038 2441 adeo
1060 2376 1184 2459 magni·

285 2476 380 2541 ficem
396 2498 460 2541 nou
475 2479 616 2561 potuisse
638 2500 717 2557 non,
731 2478 820 2562 quod
835 2478 876 2542 ad
899 2478 1047 2543 foeminas
1061 2478 1186 2557 attinet,

286 2580 429 2643 omnium
467 2578 696 2661 depravatione
738 2577 878 2663 quisdam
916 2591 951 2643 et
984 2580 1186 2665 protervitate

287 2676 410 2759 odiost,
439 2680 559 2743 ultimis
588 2700 662 2743 vero
691 2682 844 2744 mollioris
873 2680 1030 2767 cujusque
1058 2692 1092 2746 et
1125 2682 1186 2745 im·

288 2783 465 2847 becillioris
480 2781 576 2845 animi
592 2782 727 2847 miseriis
743 2795 903 2849 constare.

331 2882 503 2965 Egregiam
524 2904 598 2947 vero
619 2882 794 2960 civitatem,
809 2885 837 2947 si
856 2893 895 2949 ut
912 2886 1000 2950 flecti
1018 2895 1188 2969 parumper

289 2994 412 3063 natura,
440 2987 485 3049 ita
514 2985 642 3068 penitus
670 2984 831 3051 immutari
857 2999 987 3072 posset3
1025 2988 1054 3051 si
1082 2988 1188 3051 coeteri

290 3086 439 3149 homiues
453 3096 508 3149 aut
522 3107 678 3170 nusquam
695 3087 840 3168 fuissent,
854 3099 910 3151 aut
922 3087 1051 3153 hostes!
1087 3087 1188 3173 Cujus

240 3174 243 3181 ¹
292 3188 529 3271 corruptionem
552 3210 609 3272 per
637 3187 830 3253 diversarum
861 3191 1002 3271 gentium
1029 3190 1189 3272 contagia,

293 3308 352 3371 per
378 3286 582 3371 imperiorum
610 3288 789 3367 illecebras,
818 3310 876 3373 per
903 3290 1012 3374 ipsum
1048 3290 1190 3375 denique

295 3389 448 3477 temporis
485 3387 655 3455 decursum
691 3391 901 3457 immutabilia
936 3414 1073 3478 quaque
1108 3392 1191 3458 anti-
