3059 4384
433 500 522 545 APUD
539 501 691 547 VETERES
707 502 843 548 uufflcos
859 483 1040 549 commuto?
1149 488 1186 547 81

288 674 394 718 amore
425 663 457 717 et
485 654 681 721 humanitate
711 642 920 733 tolerabilem,
942 657 992 720 vel
1016 656 1188 721 acerbitate

287 756 494 820 miserrimam
510 758 675 823 reddebat.
720 760 873 843 Alioquin
887 759 970 821 nihil
985 780 1120 844 usquam
1136 770 1191 821 aut

288 854 395 917 solatii
425 863 481 917 aut
510 856 624 919 auxilii
653 868 729 921 erat.
776 856 870 933 Quod
901 858 1015 921 mulier
1040 856 1189 941 quadam

287 956 376 1041 apud
391 956 581 1041 Euripidem
598 959 675 1023 ratis
690 960 732 1024 ad
747 961 854 1023 vivum
870 959 1031 1041 exprimit.

377 1112 451 1190 lli-‘⁰⁸²5
466 1104 578 1194 ἀνάγκη
593 1108 660 1195 πρὸς
675 1106 743 1192 μίαν
758 1109 857 1193 ψυχὴν
872 1104 994 1188 βλέπειν.

288 1263 372 1325 Tum
382 1261 649 1345 Judaeisquidem
659 1264 757 1345 Legis
768 1264 987 1327 Sacrosauctae
997 1261 1191 1339 obedientia,

288 1376 321 1427 et
335 1385 439 1426 rerum
456 1384 616 1427 sacrarum
633 1366 844 1429 communitas
854 1365 1003 1429 mulieres
1017 1387 1092 1428 cum
1106 1365 1191 1443 viris,

290 1486 365 1527 cum
391 1463 501 1527 liberis
531 1485 637 1527 servos
660 1466 809 1549 aequabat
837 1475 934 1549 atque
964 1465 1190 1550 conjungebat.

291 1566 396 1629 Nobis
431 1577 538 1629 autem
572 1566 772 1645 Christianis,
802 1568 915 1632 nuntio
945 1567 1097 1646 demisso,
1127 1589 1191 1651 quo

295 1689 415 1733 summa
452 1690 592 1753 quaeque
633 1670 715 1734 iuter
757 1671 906 1735 homines
946 1671 1067 1735 infimis
1103 1680 1192 1755 post·

294 1781 462 1853 ponantur,
479 1771 623 1835 Heroica
643 1771 773 1836 demum
788 1775 886 1838 virtus
906 1783 956 1837 est
975 1774 1073 1838 animi
1087 1773 1189 1837 humi-

292 1872 373 1952 litas,
395 1872 548 1939 sortitudo
577 1876 743 1959 patientia,
764 1879 894 1941 libertas
923 1877 1083 1941 servitium
1106 1877 1191 1953 Dei;

290 1978 407 2061 quibus
428 1986 541 2040 natura
563 1978 726 2042 muliebris
749 1979 860 2042 nescio
881 2000 947 2061 quo
963 1989 1058 2063 pacto
1073 1981 1124 2041 vel
1139 2001 1192 2043 ac-

289 2078 521 2144 commodatior
541 2079 753 2144 videturesse
774 2102 871 2163 quam
886 2081 1008 2144 virilis:
1041 2080 1194 2165 quocirca

289 2203 376 2245 nunc
392 2181 520 2246 tandem
542 2182 623 2245 nihil
645 2181 793 2265 impedit,
809 2182 982 2267 quominus
998 2183 1104 2269 justas
1119 2205 1193 2248 suas

290 2285 325 2346 in
347 2304 379 2346 re
401 2283 542 2346 humani
564 2293 682 2365 partes,
697 2284 819 2369 justam
840 2284 1029 2366 dignitatem
1049 2296 1081 2347 et
1101 2284 1194 2369 quasi

290 2387 364 2448 lene
395 2405 432 2449 ac
462 2385 639 2467 benignum
670 2385 832 2470 quoddam
861 2386 1030 2470 imperium
1052 2386 1192 2451 foemiuae

292 2486 436 2550 obtinere
452 2486 588 2569 possint.

337 2589 441 2661 Quam
457 2589 605 2670 gravibus
620 2598 727 2653 autem
741 2590 910 2672 suppliciis
924 2590 1008 2654 hanc
1023 2589 1192 2653 mulierum

294 2689 553 2773 depravationem
584 2690 704 2753 luerint
732 2690 851 2770 Graeci,
880 2692 1045 2775 explicare
1084 2714 1192 2776 super-

294 2813 470 2856 vacaneum
491 2803 547 2855 est.
594 2793 698 2865 Quam
719 2794 805 2856 enim
828 2804 963 2874 aetatem,
983 2815 1057 2877 quae
1076 2794 1193 2873 studia,

295 2917 375 2979 quos
388 2916 491 2959 mores
500 2895 555 2957 illa
570 2904 660 2979 peste
677 2895 817 2959 caruisse
832 2894 967 2959 credas?
991 2896 1073 2967 Quae
1087 2896 1193 2960 statim

294 3008 387 3059 natos
413 3017 545 3059 necesse
575 3006 623 3059 est
644 2995 679 3058 in
701 3006 837 3059 matrum
867 2997 994 3077 gremiis
1020 2998 1194 3081 exceperit,

294 3097 357 3182 per
388 3098 484 3160 vitam
521 3098 719 3179 ingeniorum
763 3098 923 3161 servilium
961 3098 1194 3163 consuetudine

295 3198 559 3275 dehonestaverit,
580 3208 783 3262 senescentes
808 3199 947 3283 denique
973 3210 1005 3262 et
1025 3200 1195 3265 morientes

296 3300 410 3364 solatio
432 3298 631 3363 fraudaverit.
678 3300 794 3385 Neque
816 3300 959 3384 prolecto
985 3301 1118 3383 publica
1139 3301 1195 3365 illa

296 3404 442 3481 felicitas,
464 3422 536 3483 quae
558 3402 727 3465 mulierum
747 3425 785 3466 ac
807 3424 966 3467 servorum
986 3404 1123 3467 miseriis
1145 3404 1194 3466 in-
