3059 4384
338 520 379 578 20
543 532 692 585 ananau
710 532 832 577 ronam
847 532 1031 578 unnrnnnu

385 688 516 761 Verum,
533 706 574 748 ne
597 688 723 751 vincere
745 708 811 750 non
834 698 1048 770 repugnantes
1069 688 1243 762 videamur,

340 788 567 861 lscomachum
588 787 699 851 audias
714 787 996 871 Xenophonteum,
1011 789 1157 852 maritum
1172 788 1241 869 pal·

340 892 484 966 marium,
504 900 536 951 et
555 890 720 971 sapientiae
742 888 939 967 domesticae,
954 890 1006 955 rel
1028 890 1168 954 Socratis
1187 889 1241 974 ju·

341 993 439 1067 dicio,
458 989 643 1053 antistitem.
689 990 797 1052 Notus
819 1004 868 1053 est
888 992 1038 1054 omnibus
1057 992 1121 1055 sere
1139 993 1242 1066 locus,

339 1097 373 1158 in
391 1115 455 1179 qno
470 1092 524 1155 ille
539 1113 671 1154 uxorem
692 1112 781 1155 suam
801 1091 1084 1171 adolescentulam,
1098 1093 1242 1156 omnium

340 1200 496 1278 ignaram,
511 1204 542 1257 et
557 1193 630 1257 lerae
648 1216 752 1278 nuper
771 1207 874 1279 captae
896 1196 996 1258 instar
1015 1195 1242 1280 obstupentem

340 1301 443 1385 primo
464 1296 569 1373 docet,
584 1318 654 1360 eam
675 1295 718 1360 ad
737 1298 857 1361 liberos
878 1299 982 1362 solum
1003 1299 1146 1381 legitime
1168 1320 1242 1383 pro-

342 1400 506 1479 creandos,
527 1420 595 1462 non
621 1400 736 1462 amoris
763 1421 838 1482 ergo
863 1421 934 1463 esse
960 1400 1101 1479 ductam,
1123 1400 1241 1464 deinde

339 1503 453 1567 villicae
469 1522 506 1565 ac
523 1499 762 1585 dispensatricis
777 1502 883 1585 potius
898 1524 994 1585 qnam
1009 1502 1121 1567 uxoris
1134 1514 1242 1587 partes

339 1604 445 1682 tradit,
460 1616 621 1687 postremo
637 1612 756 1681 monet,
771 1614 807 1666 nt
828 1605 1000 1688 pigmentis
1023 1606 1190 1681 abstineat,
1208 1618 1242 1669 et

339 1714 539 1771 venustatem
559 1704 667 1787 potius
685 1704 789 1767 vivam
809 1715 906 1790 atque
928 1707 1086 1771 sinceram
1101 1719 1240 1792 quaerat:

339 1811 385 1875 sic
415 1810 564 1884 futurum,
592 1818 628 1869 ut
659 1806 764 1869 minus
800 1809 842 1870 ab
872 1810 1059 1873 ancillarum
1089 1811 1240 1894 qnhpiam

339 1918 584 1977 summoveatur.
630 1906 811 1979 Quinetiam
836 1907 877 1971 de
902 1910 1044 1996 conjugii
1069 1913 1175 1976 causis
1200 1934 1238 1976 ac

338 2014 516 2078 rationibus
533 2011 578 2074 ita
599 2009 853 2093 philosophatur,
872 2023 908 2074 ut
927 2035 969 2077 ne
990 2016 1088 2077 verbo
1107 2014 1237 2098 quidem

338 2116 471 2193 indicet,
500 2134 553 2177 cas
582 2112 706 2175 mulieri
743 2124 850 2197 partes
879 2136 898 2177 a
925 2127 1040 2180 natura
1067 2117 1176 2194 tribui,
1204 2128 1241 2180 ut

339 2218 486 2282 maritum
518 2224 639 2278 recreet
666 2214 877 2291 laborantem,
905 2218 1058 2281 otiantem
1088 2220 1240 2295 oblectet,

339 2320 444 2383 firmet
460 2318 493 2379 in
509 2336 559 2379 res
574 2315 733 2393 adversas,
748 2316 877 2380 dolores
891 2329 987 2402 atque
1008 2320 1125 2401 gaudia
1141 2320 1240 2403 juxta

340 2440 414 2485 cum
435 2439 473 2481 eo
495 2416 676 2500 participet,
694 2425 796 2480 totum
816 2417 888 2480 vitae
908 2418 1099 2483 curriculum
1118 2420 1148 2483 ei
1168 2419 1240 2483 dul-

339 2524 409 2587 cius
422 2519 535 2583 reddat
549 2530 645 2600 atque
659 2518 834 2583 honestius.
863 2522 895 2583 N
898 2540 915 2582 e
924 2522 1096 2586 liberorum
1108 2523 1240 2606 quidem

339 2622 572 2699 edocationem,
589 2620 772 2703 primarium
794 2623 904 2685 matris
916 2622 973 2707 jus
986 2636 1084 2707 atque
1098 2626 1238 2689 officium

339 2725 401 2790 nisi
422 2724 525 2789 tribus
547 2721 651 2784 verbis
673 2720 818 2805 attingit:
851 2723 938 2787 idem
959 2724 1000 2789 de
1025 2726 1125 2790 serris
1146 2727 1238 2790 insti-

340 2824 467 2892 tuendis
494 2822 621 2907 prolixe
651 2821 784 2885 disserit.
838 2824 924 2897 Quid
952 2824 1072 2906 igitur?
1118 2828 1237 2891 Nonne

338 2925 550 2993 Demostheni
566 2922 663 2986 fidem
678 2924 865 3001 habeamus,
879 2927 935 3010 qni
950 2928 1088 3010 seipsum
1104 2942 1137 2994 et
1150 2931 1239 2994 cives

341 3054 417 3096 suos
435 3030 522 3093 hunc
547 3028 581 3091 in
601 3025 732 3089 modum
753 3030 1033 3101 criminetur—425
1054 3031 1106 3113 μὲι
1125 3030 1238 3119 ἑταίρας

340 3134 429 3210 ἡδονῆς
448 3124 514 3192 ἕνεκ’
528 3124 727 3215 ’ἔχομεν-σὰς
750 3124 778 3189 δὲ
798 3130 936 3213 γυναῖκας
953 3136 1003 3193 τοῦ
1024 3134 1238 3197 παιδοποιεῖσθαι

339 3229 460 3320 γνησίοις
475 3230 523 3291 καὶ
537 3233 592 3291 τῶν
602 3224 675 3291 ’ἔνδον
689 3228 806 3310 φύλακοι
819 3234 921 3310 πιστὴν
933 3233 1020 3320 ἔχειν.

382 3334 480 3401 Unde
495 3333 590 3397 simul
605 3330 699 3395 ordiri
715 3354 895 3417 possumus,
907 3337 1025 3422 siquid
1040 3338 1081 3403 de
1098 3339 1239 3403 Hetaeris

337 3440 439 3521 magis
450 3434 667 3501 necessarium
676 3434 765 3499 dictu
776 3457 873 3520 quam
881 3438 1062 3524 jucundum
1072 3454 1128 3504 est.
1153 3442 1239 3505 Nam
