3059 4384
435 512 523 555 APUD
539 511 686 555 VETERES
702 512 839 557 GRAECOS
853 492 1035 557 curtulum?
1137 494 1179 553 '29

280 664 495 749 prodigiosum
508 667 721 730 turbatissimo
734 652 862 751 quoque
878 676 1019 750 tempore
1034 676 1066 728 et
1081 684 1179 746 aegro·

280 768 421 832 lantibus
435 769 600 833 hominum
616 770 730 832 animis
745 790 906 831 recursare
921 770 1010 832 solet.

323 871 511 935 Aristoteles
530 894 613 945 veru,
631 883 665 934 ut
684 872 741 954 qui
762 881 884 933 naturae
905 892 1028 954 semper
1041 869 1182 950 vestigiis

279 972 418 1048 insistat,
438 972 563 1037 felicius
582 976 683 1037 multo
703 994 769 1035 rem
793 994 899 1054 gerere
917 970 1049 1034 videtur.
1094 973 1180 1033 Nam

280 1075 382 1157 primo
405 1076 569 1151 Ethicam,
591 1076 851 1151 OEconomicam,
875 1074 1042 1136 Politicam
1068 1072 1181 1136 distin·

281 1175 420 1258 gueud0,
443 1176 569 1240 Politiae
592 1180 707 1241 formas
729 1178 836 1261 plures
858 1174 1067 1251 admittendo,
1087 1176 1184 1238 verba

280 1278 336 1343 illa
348 1278 473 1341 Graecis
488 1278 618 1341 auribus
631 1278 779 1341 inaudita
792 1277 984 1360 proferendo
998 1274 1134 1361 ἄνθρωπος
1147 1279 1184 1359 τῇ

281 1377 362 1461 φύσει
378 1378 579 1444 mutuaretur
593 1384 706 1463 μᾶλλον
720 1378 736 1458 ἢ
750 1378 904 1456 πολιτικὸν,
921 1374 978 1464 ὅσῳ
991 1376 1120 1466 πρότερον
1134 1380 1183 1443 καὶ

281 1478 502 1569 ἀναγκαιότερον
523 1480 598 1545 οἰκία
616 1480 731 1557 πόλεως,
747 1484 873 1547 etiamsi
891 1504 959 1545 non
979 1483 1100 1565 ubique
1121 1482 1185 1546 sibi

284 1586 474 1663 consentiat,
489 1589 602 1650 saltem
624 1608 659 1650 se
681 1608 747 1649 non
770 1608 841 1650 eum
866 1606 937 1648 esse
959 1583 1111 1663 ostendit,
1126 1585 1184 1667 qui

286 1687 357 1751 vite
371 1710 529 1752 summam
544 1711 674 1773 prorsus
688 1691 721 1753 in
737 1690 864 1753 civitate
880 1688 1024 1751 collocet
1055 1686 1184 1749 Deinde

288 1790 456 1855 amicitiam
477 1791 560 1855 inter
579 1792 664 1855 viros
684 1814 721 1856 ao
742 1792 901 1868 mulieres,
922 1800 1044 1853 utnon
1066 1789 1184 1871 prima-

284 1892 374 1970 riam,
387 1896 563 1957 naturalem
582 1908 679 1974 certe,
694 1917 755 1958 nec
776 1894 987 1977 tyrannicam,
1001 1891 1059 1955 sed
1074 1892 1185 1955 aristo-

283 1995 437 2059 craticam
466 1998 568 2079 ponit,
601 1998 742 2061 diversas
773 1997 854 2059 inter
883 2016 918 2058 se
947 1990 1115 2057 mulierum
1145 2016 1183 2057 ac

282 2096 423 2163 virorum
452 2108 582 2163 naturas
611 2100 731 2175 statuit,
756 2098 896 2162 diversas
920 2118 1016 2181 porro
1042 2097 1185 2175 virtutes,

284 2196 341 2261 sed
361 2197 407 2261 ita
426 2198 578 2277 diversas,
595 2211 630 2263 ut
652 2201 685 2262 in
707 2219 912 2263 communem
931 2198 1029 2260 finem
1052 2210 1184 2261 conten-

285 2297 373 2365 daut.
418 2299 509 2364 Idem
526 2324 610 2381 vero,
625 2324 698 2366 cum
721 2301 762 2365 ad
784 2300 906 2364 nodum
927 2299 1034 2384 ipsum
1054 2298 1185 2363 tandem

284 2414 473 2485 perventum
496 2418 556 2484 est,
576 2406 672 2469 finem
696 2428 771 2471 eum
792 2405 965 2490 physicum
983 2403 1185 2467 solummodo

285 2515 319 2568 et
329 2506 566 2571 oeconomicum
578 2508 739 2588 describit,
748 2508 879 2573 virtutes
894 2515 1001 2571 autem
1015 2505 1186 2569 muliebres

285 2608 330 2671 ita
352 2607 475 2688 definit,
497 2623 533 2673 ut
553 2612 734 2695 parentium
757 2621 790 2675 et
813 2608 1041 2693 imperantium
1061 2615 1186 2671 tantum

286 2708 486 2775 diversitates
508 2724 668 2796 sequatur,
683 2711 801 2776 deinde
821 2712 855 2774 in
872 2710 1038 2775 modestiae
1053 2730 1091 2773 ac
1107 2719 1186 2772 tcm-

286 2816 453 2895 perantiae,
468 2836 534 2877 non
555 2816 678 2879 virtutis
697 2826 849 2891 actuosae,
864 2813 1006 2896 speciem
1029 2822 1062 2875 et
1082 2832 1187 2896 popu·

285 2916 384 2981 larem
409 2919 496 2981 illam
521 2918 712 2981 cantilenam
742 2917 923 2991 relabatur3
955 2913 1050 2999 γυναι),
1073 2910 1187 2998 γυναῖξι

286 3018 393 3100 nocuit
419 3025 434 3095 ἡ
461 3016 529 3105 elya
560 3014 647 3105 φέρει.
692 3018 852 3082 Amicitiae
874 3028 981 3081 autem
1007 3016 1187 3101 conjugalis

285 3125 453 3189 notionem
467 3125 550 3187 bene
564 3123 749 3187 inchoatam
760 3119 841 3184 adeo
853 3118 979 3198 omittit,
990 3129 1027 3182 ut
1036 3140 1109 3183 eam
1123 3139 1188 3181 una

286 3226 415 3291 vivendi
438 3227 678 3310 appetitionem,
702 3226 771 3288 sino
794 3224 856 3307 qul
882 3221 1023 3285 amicitia
1046 3220 1188 3305 perfecta

287 3348 356 3392 esse
371 3328 460 3393 nulla
480 3336 597 3410 potest,
613 3327 769 3389 uxoribus
789 3345 890 3409 prope
910 3321 1115 3387 eximendam
1131 3321 1187 3406 ju·
1293 3358 1298 3368 ·

288 3428 382 3495 dicet.
436 3430 585 3493 Materna
611 3449 685 3491 vero
710 3425 783 3511 jura
806 3435 900 3510 atque
926 3422 1043 3502 officia,
1068 3421 1188 3505 quibus
