3059 4384
436 496 524 541 Aron
540 493 690 541 veronus
702 492 838 540 cuncos
852 475 1033 540 counrrrol
1146 482 1183 542 11

286 653 361 719 cati.
404 653 450 715 Et
471 650 615 735 profecto
635 648 770 711 Graecos
788 648 830 712 ad
852 658 979 713 aetutem
998 649 1033 712 in
1053 651 1185 734 publico

286 753 467 837 degendam
482 754 601 817 coelum
614 751 722 835 ipsum
742 751 839 815 nimis
860 752 1031 816 alliciebat.
1074 754 1188 817 Enim·

286 878 362 921 vero
385 856 569 919 domesticae
595 852 756 916 felicitatis
778 864 811 917 et
832 853 1007 918 honestatis
1031 866 1100 919 tum
1121 857 1189 920 Ro·

223 992 229 1007 ·
287 978 390 1021 manoe
401 966 470 1019 tum
480 954 669 1019 Teutonicae
681 954 817 1017 multum
828 953 1003 1019 intererant
1012 956 1190 1039 virgiliana

288 1060 346 1125 illa

395 1239 412 1267 ‘⁸
425 1232 463 1285 Et
473 1231 578 1300 quidam
589 1246 660 1282 seros
671 1229 774 1282 hiberni
786 1231 820 1282 ad
831 1230 935 1285 luminis
945 1234 1022 1301 ignee

396 1324 414 1350 “
427 1316 581 1385 Pervigilat,
591 1315 710 1384 ferroque
722 1315 794 1367 facee
805 1316 916 1387 inspicat
926 1325 1009 1371 acuto.

398 1411 415 1439 “
429 1406 534 1458 Interea
545 1404 653 1472 longum
665 1408 742 1456 cantu
753 1402 837 1456 solata
847 1404 963 1458 laborem

397 1496 414 1524 ‘⁸
426 1491 530 1559 Arguto
542 1493 637 1563 conjux
648 1490 772 1561 percurrit
783 1491 886 1561 pectine
897 1490 994 1544 telas?

296 1680 452 1764 Ejusdem
473 1691 541 1743 erat
561 1678 702 1756 rationis,
718 1676 808 1760 quod
822 1698 842 1739 a
854 1676 941 1740 ludis
961 1678 1111 1761 publicis,
1124 1691 1194 1745 uta

297 1802 419 1846 summo
428 1782 601 1845 liberorum
612 1780 779 1843 hominum
790 1779 962 1857 consortio,
968 1799 1055 1844 nunc
1066 1781 1195 1845 demum

295 1886 436 1949 foeminae
446 1884 703 1949 excluderentur.
725 1884 843 1966 Neque
853 1902 926 1945 cnm
935 1879 998 1946 hbe
1007 1883 1110 1947 civilis
1119 1906 1195 1949 con-

295 1983 476 2049 suetudinis
483 1984 708 2069 depravatione
718 2004 785 2046 non
794 1982 1090 2067 conjunctissimum
1098 1986 1196 2051 fuisse

297 2108 427 2166 censeo,
442 2087 586 2172 quamvis
601 2086 745 2149 Heroioa
768 2084 918 2167 quaedam
932 2089 1128 2172 exemplaria
1141 2110 1197 2153 an·

296 2200 477 2268 testantem,
499 2188 703 2252 immodicam
727 2187 817 2249 illam
841 2188 1000 2253 Amicitiae
1026 2191 1197 2257 vehemen-

295 2290 384 2369 tiam,
403 2291 495 2375 cujus
515 2293 636 2355 molum
655 2310 860 2373 nequaquam
878 2291 1103 2373 gravissimum
1121 2307 1198 2373 erat,

297 2392 387 2475 quod
401 2396 535 2457 affectus
548 2392 714 2455 hominum
729 2412 749 2453 a
764 2391 1011 2472 consanguineis
1025 2394 1092 2457 suis
1103 2403 1199 2479 atque

296 2499 453 2562 uxoribus
489 2498 620 2582 penitus
649 2504 806 2561 avocaret
865 2494 969 2579 Cujus
1004 2496 1198 2562 documento

297 2601 425 2683 egregio
440 2622 510 2664 esse
525 2608 631 2684 potest
647 2598 844 2675 Aristoteles,
859 2598 915 2682 qui
932 2599 1116 2663 caritatibus
1130 2622 1197 2663 om-

298 2704 395 2766 nibus
425 2703 485 2766 sub
514 2723 580 2765 uno
611 2701 769 2765 Amicitiae
798 2701 929 2763 nomine
958 2703 1198 2785 comprehensis

299 2826 371 2869 eam
386 2806 487 2868 solam
502 2826 572 2868 esse
587 2804 762 2888 perfectam
773 2801 910 2886 judicat,
925 2824 997 2887 qnae
1011 2805 1094 2866 inter
1107 2825 1200 2888 pares

299 2907 525 2985 contrahatur3
548 2927 688 2971 amorem
702 2926 778 2968 vero
793 2904 1004 2989 conjugalem,
1018 2917 1130 2990 utpote
1145 2906 1200 2991 qui

300 3010 343 3074 sit
369 3010 402 3073 in
431 3010 619 3094 imparibus,
648 3009 703 3072 vix
733 3017 879 3071 currente
908 3009 1031 3071 calamo
1062 3010 1199 3091 attingit.

300 3112 478 3191 Postremo,
493 3111 580 3196 quod
599 3111 821 3194 gravissimum
836 3119 892 3189 est,
906 3108 1056 3174 universi
1072 3112 1200 3176 honesti

300 3214 433 3280 notione
457 3215 493 3277 in
518 3216 661 3279 actiones
688 3212 850 3299 publicas,
872 3227 905 3276 et
926 3214 1017 3296 quasi
1038 3214 1072 3277 in
1092 3216 1201 3279 lucem

301 3320 477 3402 oculosque
504 3319 647 3381 omnium
673 3310 802 3393 collatu,
827 3316 916 3379 nulla
941 3317 1081 3402 conjugii
1108 3338 1200 3381 sanc-

301 3421 385 3499 titas,
406 3420 530 3483 nullum
551 3418 704 3498 officium,
726 3417 845 3481 utilitas
866 3426 991 3481 tuntum
1013 3419 1201 3501 relinquitur
