3059 4384
452 550 539 595 reon
555 547 704 594 vernans
719 546 855 593 suecos
870 529 1053 593 cosnrrro?
1169 534 1208 593 19
1230 516 1232 522 ’

302 700 392 783 quod
407 701 452 765 ait
466 700 618 781 Pericles,
630 702 763 767 Graeciae
779 700 941 783 magistre,
952 699 1090 781 virgines
1104 703 1203 766 Athe·

300 801 438 877 nienses,
457 801 575 865 civium
598 811 763 866 consortes
786 812 819 866 et
840 811 957 865 matres
980 800 1057 863 olim
1080 802 1203 882 faune,

300 902 523 966 cubiculorum
560 905 701 969 tenebris
738 903 947 981 absconditae,
980 904 1021 966 ah
1059 906 1202 969 omnium

298 1024 403 1067 rerum
421 1015 564 1089 aspectu,
580 1006 701 1085 auditu,
717 1006 900 1088 cognitione
923 1006 1089 1086 ablegatae,
1103 1006 1202 1071 vitam

299 1116 331 1170 et
355 1106 498 1171 Athenas
520 1110 613 1192 quasi
642 1132 700 1194 per
727 1121 933 1174 transennam
958 1110 1201 1193 prospicientes,

298 1213 382 1275 hene
405 1220 525 1288 texere,
546 1213 629 1275 bene
652 1234 800 1297 coquere,
819 1214 904 1276 bene
925 1211 1113 1275 modestiam
1138 1234 1203 1277 ser·

297 1334 382 1389 vare,
403 1313 465 1376 hoc
487 1322 546 1391 cst,
566 1314 649 1377 nihil
669 1314 749 1376 velle
772 1324 827 1375 aut
846 1312 985 1390 muttire,
1005 1334 1025 1375 a
1045 1314 1201 1379 matribus

298 1414 349 1478 sui
375 1413 534 1477 similibus
559 1413 736 1477 discebant.
782 1412 922 1490 Deinde,
944 1422 981 1475 ut
1002 1412 1045 1475 ad
1070 1414 1200 1497 nuptias

298 1526 429 1581 ventum
443 1526 501 1595 est,
516 1516 554 1579 fit
568 1509 687 1601 pactio,
703 1515 762 1579 dos
778 1525 1029 1599 pemumeratur,
1040 1515 1201 1600 desponsa

300 1617 386 1699 virgo
400 1617 435 1679 in
450 1618 598 1698 ignotum
612 1638 742 1702 prorsus
757 1615 957 1701 conjugium,
972 1617 1024 1679 vel
1038 1617 1201 1680 servitium

301 1718 404 1801 potius
433 1716 612 1798 abducitur,
641 1718 780 1783 amicam
806 1718 940 1781 fortasse
970 1715 1030 1780 filii
1059 1719 1200 1802 nepotis,

299 1821 396 1904 patris
411 1820 483 1885 irati
492 1820 597 1905 jussu,
612 1821 722 1905 specie
738 1831 942 1884 summotum.
973 1820 1098 1893 Quotus
1113 1820 1200 1885 enim

298 1922 436 2007 quisque
450 1922 584 2003 virginis
598 1906 804 1985 Atheniensis
818 1929 910 2003 pater
924 1920 1067 1985 dictums
1086 1922 1201 1986 fuisset

297 2044 373 2087 cum
384 2024 553 2091 Chremeta
565 2024 621 2087 illo
632 2023 839 2100 Terentiano,
848 2024 910 2098 vel,
920 2031 957 2086 ut
967 2024 1072 2088 verius
1084 2023 1201 2103 dicam,

297 2127 492 2191 Menandrio

386 2313 420 2347 ·“
433 2306 474 2360 At
483 2308 550 2361 istuc
562 2306 686 2379 periclum
697 2308 725 2359 in
736 2305 794 2359 filit
805 2306 874 2371 fleri,
886 2325 967 2375 grave
978 2308 1047 2361 est.''

297 2517 415 2560 acuon
430 2494 537 2579 potius
552 2516 628 2559 cum
644 2495 774 2559 Simone

331 2606 342 2627 ι

402 2680 419 2707 “
432 2673 538 2746 Nempe
548 2674 747 2727 incommoditas
759 2675 872 2745 denique
883 2676 933 2729 hac
945 2678 1027 2730 omnis
1038 2679 1107 2731 redit
1112 2700 1119 2744 ;

403 2764 420 2793 “
434 2760 463 2813 Si
475 2760 588 2825 eveniat,
600 2760 669 2830 quod
682 2760 719 2811 Di
731 2760 1074 2831 prohibeant-discessio.’'

297 2932 403 3005 Quam
432 2952 527 3015 porro
557 2931 787 2996 discessionem
816 2935 905 3016 vulgi
935 2935 1058 3019 opinio,
1086 2945 1124 3000 ut
1151 2936 1198 3017 fit,

294 3032 431 3096 liberem
459 3032 662 3117 relinquebat
689 3033 777 3111 viris,
805 3035 993 3099 mulieribus
1021 3038 1196 3120 opprobrio

295 3133 446 3195 vertebat
500 3133 641 3197 Tantum
677 3133 771 3197 dotes
806 3136 933 3218 amplae,
961 3146 994 3198 et
1021 3138 1197 3220 repudiatis

294 3232 519 3313 rescribendae,
542 3235 626 3299 viros
651 3236 820 3315 uxoribus,
844 3236 932 3321 quod
954 3236 1055 3315 aiunt,
1077 3252 1198 3323 nuptos

294 3335 432 3401 subinde
454 3336 669 3401 exhibebant:
701 3338 791 3423 quod
814 3338 1013 3423 Strepsiades
1027 3340 1084 3405 'ilie
1107 3342 1195 3406 Aris-

293 3438 486 3521 tophanicus
497 3439 573 3504 satis
582 3440 689 3523 lepide
702 3442 737 3505 in
752 3462 787 3505 se
801 3442 873 3526 ipso
885 3442 1029 3507 evenuse
1040 3444 1194 3527 queritur.

718 3549 777 3607 ΒΞ
