3059 4384
362 460 398 525 ld
556 479 711 531 ounusn
727 479 851 526 nonum
866 478 1049 525 nunrnnon

357 645 507 717 quantem
517 655 582 698 non
593 644 710 697 nostrae
724 645 773 697 est
783 634 989 697 institutionis
1001 632 1100 719 sequi.
1131 635 1252 698 Verum

355 738 389 801 in
405 738 487 801 victl
503 747 599 821 atque
614 732 736 801 cadunt
755 735 934 820 republicis,
949 745 982 800 et
1001 733 1093 801 fluxu
1110 738 1252 821 Lycurgi

355 838 516 922 disciplin,
536 840 726 922 quamnami
749 859 940 918 auguremur
961 840 1129 903 mulierum
1152 838 1251 903 fnisse

354 942 592 1007 conditionem?
629 943 714 1005 Eam
735 942 861 1025 opinor,
881 964 978 1028 quom
998 942 1195 1020 Aristoteles,
1214 942 1250 1005 in

353 1044 496 1109 secundo
518 1044 723 1109 Politicorum
751 1045 834 1109 libro
855 1045 888 1107 in
917 1045 1056 1109 civitatis
1077 1042 1251 1128 primordia

353 1155 492 1210 revocat.
537 1146 571 1208 Is
586 1146 671 1208 enim
685 1145 839 1209 institutis
855 1146 1108 1211 Lacedaemoniis
1122 1144 1157 1209 id
1171 1146 1249 1209 vitio

353 1248 456 1321 vertit,
466 1246 552 1331 quod
563 1248 702 1311 foeminae
710 1268 789 1335 non,
799 1248 882 1311 sicut
892 1248 962 1323 viri,
974 1248 1116 1331 Lycurgi
1123 1248 1250 1330 legibus

353 1352 489 1417 subditae
512 1351 640 1428 fuerint,
662 1350 748 1435 quod
770 1347 900 1413 licentii
921 1352 1050 1414 effraent
1070 1350 1249 1429 lasciviant,

352 1453 444 1519 luxui
459 1453 656 1535 indulgeant,
672 1472 818 1534 agrorum
837 1454 955 1535 magnd
975 1464 1063 1536 purte
1078 1474 1136 1537 per
1156 1451 1249 1517 dotes

352 1570 383 1624 et
396 1556 600 1621 haereditetes
621 1540 779 1639 occupatu
797 1555 931 1618 nimium
951 1556 1154 1639 praevaleant,
1169 1576 1248 1619 con·

352 1659 424 1724 silio
445 1657 541 1721 etium
562 1655 693 1739 publica
711 1654 825 1717 studiis
842 1654 961 1739 iniquis
982 1654 1136 1719 invadant
1152 1665 1248 1740 etque

349 1760 545 1847 perturbent.
581 1754 713 1841 Adjicit,
728 1766 760 1820 et
774 1757 925 1839 exemplo
939 1758 1064 1841 probat,
1078 1756 1247 1821 audaciam

350 1863 439 1926 illam
453 1868 617 1943 tantopere
633 1857 799 1942 quaesitam
820 1857 921 1919 nihilo
942 1857 1043 1939 magis
1057 1858 1091 1919 in
1108 1857 1247 1935 bellicis,

351 1985 446 2051 quom
468 1962 502 2025 in
524 1960 719 2045 quotidianis
741 1960 813 2024 vitae
835 1962 930 2023 rebus
951 1960 1115 2044 profuisse.
1159 1960 1245 2023 The·

350 2066 454 2143 banis,
476 2062 609 2138 scilicet,
630 2083 717 2127 armo
739 2062 960 2137 inferentibus,
982 2063 1055 2146 plus
1080 2063 1243 2126 turbarum

350 2169 473 2236 civibus
501 2164 675 2250 praebuisse
704 2165 860 2243 foeminas,
882 2186 978 2249 quam
1007 2166 1095 2249 ipsos
1124 2165 1244 2229 hostes.

349 2270 437 2346 Quid
452 2278 558 2333 autem
574 2266 784 2345 verisimilius,
798 2287 895 2350 quam
909 2265 1056 2331 mulieres
1071 2267 1245 2350 spartanas

347 2374 393 2437 ita
421 2370 641 2453 degenerasse,
662 2380 698 2433 ut
719 2390 778 2452 pro
799 2368 950 2433 mosculis
971 2370 1139 2435 virtutibus
1160 2390 1243 2433 mos·

249 2537 251 2541 ,
349 2473 439 2538 culos
457 2468 626 2533 induerent
644 2468 808 2548 libidines,
825 2490 883 2553 pro
903 2468 1088 2538 tortitudine
1107 2469 1243 2553 pristint

348 2575 403 2651 illd
417 2593 541 2637 morum
555 2570 785 2634 immanitatem
803 2570 964 2656 quandam
985 2581 1019 2635 et
1037 2572 1241 2636 insolentiam

346 2682 552 2750 assumerent,
573 2693 631 2755 pro
654 2668 744 2757 justu
765 2672 950 2755 opinionum
973 2674 1161 2739 auctoritate
1184 2673 1242 2739 do·

346 2774 555 2841 minationem
591 2793 694 2837 rerum
723 2773 924 2857 publicorum
959 2773 1109 2859 injustam
1144 2784 1240 2859 atque

346 2877 480 2944 noxiam
497 2896 557 2961 per
575 2895 652 2959 opes
672 2884 705 2938 et
723 2876 861 2959 partium
877 2874 982 2940 studia
995 2874 1237 2959 compararent?

347 2982 428 3055 Quoe
454 2978 481 3041 si
509 2977 555 3039 ita
582 2975 710 3055 fuerint,
731 2975 851 3041 debent
878 2988 962 3043 certe
985 2979 1049 3041 vim
1078 2980 1239 3043 cumulare

348 3077 514 3147 sententiis
533 3076 607 3155 illis,
622 3096 702 3161 quus
722 3084 809 3141 totus
831 3079 992 3142 annalium
1010 3079 1239 3163 Sportnnomm

347 3202 458 3249 cursus
470 3176 626 3265 prodocet
646 3199 684 3243 ac
700 3200 800 3264 prope
815 3180 964 3245 clamitet.
1008 3181 1151 3253 Quorum
1172 3202 1238 3246 uno

347 3291 406 3357 est,
419 3302 461 3345 ue
482 3278 609 3362 legibus
624 3278 753 3341 omnino
767 3278 902 3343 nimium
916 3279 1080 3345 confides:
1110 3281 1144 3344 in
1157 3281 1237 3365 ipsis

346 3378 553 3468 quaerendum
582 3378 708 3459 animis,
736 3400 801 3463 quo
836 3389 948 3446 contro
973 3382 1151 3447 animorum
1180 3380 1236 3445 de·
