3059 4384
360 497 402 555 80
565 509 714 561 eunucu
731 506 857 553 ruram
872 510 1057 555 uurrrauu

359 662 577 746 exsequendis
598 640 732 747 uterdue
754 663 969 746 philosophus
991 666 1126 728 multum
1149 688 1183 730 se
1203 689 1261 731 ex·

359 764 469 849 pedire
484 764 598 849 potuit,
611 776 723 827 neuter
737 764 800 827 nisi
815 765 919 828 obiter
933 766 1070 846 attingit

402 866 527 940 Quodsi
549 888 569 931 a
589 866 855 951 philosophorum
877 869 1066 931 commentis
1089 866 1131 931 ad
1152 889 1261 931 exem-

358 971 458 1055 plaria
472 970 538 1048 illa,
551 992 622 1054 quae
637 970 762 1033 virtutis
777 970 941 1033 muliebris
955 990 1079 1032 summa
1093 970 1157 1033 sibi
1171 972 1261 1034 effin-

359 1094 432 1154 gere
455 1072 566 1137 debuit
591 1073 693 1155 gentis
715 1072 896 1137 Hellenicae
918 1071 1095 1152 ingenium,
1117 1072 1262 1137 Deorum

358 1197 474 1259 nempe
490 1196 652 1258 personas,
666 1186 698 1239 te
718 1186 895 1252 convertas,
909 1175 1046 1252 videbis,
1061 1176 1185 1259 opinor,
1204 1186 1263 1239 aut

359 1278 528 1359 viragines,
543 1286 598 1341 aut
618 1278 798 1340 Minervam
818 1287 915 1359 atque
935 1278 1109 1353 Junonem,
1124 1288 1180 1341 aut
1202 1279 1260 1341 ob-

358 1400 487 1445 scoenas
511 1379 683 1443 libidinum
712 1390 874 1461 patronas,
895 1390 951 1442 aut
979 1380 1096 1442 formas
1120 1379 1261 1464 denique

358 1481 570 1548 Orientalium
589 1482 758 1545 numinum
779 1482 910 1559 similes,
925 1494 957 1545 ct
971 1482 1012 1546 ab
1031 1482 1180 1545 omnibus
1197 1484 1261 1545 vivi

357 1582 480 1665 ingenii
495 1582 667 1660 coloribus,
679 1582 799 1667 quibus
809 1583 952 1647 Deorum
966 1584 1124 1665 imagines
1139 1584 1261 1665 rigent,

355 1686 484 1770 penitus
498 1686 685 1749 abstractas.

399 1793 448 1855 Ac
463 1810 572 1853 vereor
587 1789 739 1874 equidem
753 1800 790 1853 ut
804 1791 922 1867 Graeci,
937 1791 1062 1855 etiamsi
1076 1792 1179 1873 legem
1195 1792 1261 1855 sibi

356 1891 531 1975 ingenitam
540 1888 706 1973 sequendo
715 1892 889 1974 permultos
898 1892 932 1954 in
944 1891 1006 1955 bac
1018 1912 1051 1954 re
1063 1912 1194 1970 errores,
1202 1894 1258 1955 fla-

356 1994 435 2077 gitia
448 1993 607 2077 permulta
622 1992 784 2057 declinare
801 1994 990 2077 potuissent,
1005 1992 1046 2056 ad
1061 1994 1255 2058 verissimam

355 2094 1258 2179 naturaernuliebrisexistimationemunquamperventuri

355 2200 499 2263 fuissent.
545 2198 631 2261 Nam
649 2198 747 2261 virtus
761 2198 903 2261 Ethnica
925 2198 1022 2261 ferme
1038 2198 1137 2261 virilis
1152 2208 1212 2275 est,
1227 2209 1260 2261 et

357 2323 431 2366 cum
444 2300 492 2376 el,
503 2295 566 2384 qul
577 2299 754 2377 irascimur,
764 2299 864 2363 animi
878 2289 969 2383 parte
980 2300 1258 2383 conjunctissima.

355 2402 453 2477 Quod
467 2413 535 2465 tum
550 2402 708 2465 vocabula
727 2401 799 2484 ipsa
819 2399 976 2480 indicant,
990 2402 1101 2464 Virtus
1114 2412 1147 2465 et
1161 2401 1258 2486 αἱρετὴ,

355 2503 419 2567 nisi
433 2522 602 2587 perperam
617 2500 658 2563 de
672 2501 713 2564 iis
727 2499 944 2584 judicaverint
957 2501 1174 2584 etymologici,
1188 2514 1257 2566 tum

354 2605 481 2688 egregie
493 2602 683 2668 confirmare
694 2602 844 2666 videntm
854 2604 1036 2667 Aristotelis
1046 2604 1148 2683 locus,
1159 2609 1257 2684 φαῦλα

354 2704 405 2790 μὲν
423 2702 522 2789 ἄμφω,
538 2701 589 2767 καὶ
601 2704 634 2766 τὸ
649 2706 751 2768 ἀδικεῖν
767 2704 816 2766 nal
834 2705 866 2767 τὸ
886 2703 1053 2784 ἀδικεῖσθαι,
1069 2718 1103 2770 et
1116 2708 1256 2790 Magna·

353 2810 518 2889 nimitatis,
530 2810 622 2894 quasi
631 2809 754 2873 virtutis
765 2810 855 2873 omni
863 2831 995 2873 numero
1005 2811 1172 2889 absolutas,
1183 2831 1256 2894 spe·

354 2914 422 2978 cies
436 2914 477 2976 ab
493 2911 607 2977 eodem
618 2911 815 2995 philosopho
825 2911 1001 2995 descripta:
1017 2933 1089 2995 quae
1099 2922 1256 2996 quantum

354 3036 374 3077 a
388 3014 501 3078 nature
510 3010 659 3075 muliebri
670 3010 839 3075 abhorreat
851 3032 946 3075 nemo
960 3032 1027 3073 non
1043 3011 1139 3075 videt
1181 3014 1255 3076 Nec

353 3118 389 3180 in
418 3114 596 3197 Theologie
623 3113 896 3177 Ethnica‘ullum
931 3114 1035 3177 inerat
1063 3114 1253 3178 subsidium.

353 3221 469 3302 Itaque
490 3239 592 3299 genus
612 3216 799 3280 foemineum
820 3216 908 3279 nulla
929 3217 1087 3279 levatione
1109 3226 1165 3281 aut
1182 3238 1254 3301 per·
1288 3260 1310 3284 ,ι

243 3352 248 3363 ·
353 3319 442 3402 fugio
456 3340 570 3403 poenas
585 3316 687 3381 Primi
707 3316 845 3380 Sceleris
866 3317 1016 3381 servitute
1038 3320 1253 3403 expendebat.

354 3422 459 3494 Quam
488 3420 670 3485 servitutem
700 3420 850 3483 dominus
878 3441 937 3503 pro
966 3421 1095 3485 arbitrio
1121 3443 1179 3485 suo
1201 3424 1255 3485 rel
