3059 4384
333 500 376 559 24
541 510 693 565 ounuuu
710 514 835 559 rusum
851 514 1031 559 numerem

331 665 516 731 clarissima
545 688 687 731 amorem
715 677 748 731 et
777 670 886 749 gloriae
915 668 1100 753 cupidinem
1130 663 1235 745 igneis

330 794 409 837 sane
421 774 527 837 verbis
541 773 743 837 accendisset
754 773 797 837 ad
806 796 962 838 caesorum
972 787 1090 838 matres
1105 771 1234 834 demum

333 888 366 941 et
380 898 497 941 uxores
513 898 685 941 conversus
704 877 855 959 putidum
869 878 949 941 illud
969 890 1065 961 atque
1080 873 1233 956 frigidum

331 984 516 1065 eliquasset,
528 984 550 1043 εἰ
564 977 592 1041 δέ
605 1006 643 1063 με
656 982 697 1043 δεῖ
710 980 759 1043 καὶ
773 979 936 1066 γυναικείας
946 1005 975 1043 τι
990 982 1099 1067 ἀρετῆς,
1110 974 1174 1041 ὅσαι
1189 982 1234 1040 οὖν

328 1084 357 1145 ἐν
375 1080 480 1169 χηρείᾳ
497 1080 621 1157 ἔσονται,
646 1084 808 1163 μνησθῆναι,
828 1082 957 1171 βραχείᾳ
976 1079 1138 1170 παραινέσει
1158 1078 1234 1143 ἅπαν

330 1190 455 1267 σημανῶ·
488 1189 538 1261 τῆς
567 1210 600 1247 τε
625 1187 686 1272 γὰρ
713 1184 896 1273 ὑπαρχούσης
925 1185 1031 1269 φύσεως
1055 1187 1094 1267 μὴ
1117 1181 1233 1269 χείροσι

330 1284 458 1373 γενέσθαι
481 1289 545 1369 ὑμῖν
565 1284 683 1372 μεγάλη
709 1293 725 1364 ἡ
747 1285 815 1365 δόξα
837 1288 886 1349 καὶ
908 1286 939 1365 ἧς
961 1284 996 1350 ὃν
1015 1289 1058 1351 ἐπ’
1078 1282 1235 1369 {mixtam

328 1395 430 1479 algetis
443 1386 504 1477 cipi
519 1388 535 1467 ἢ
549 1388 645 1477 ψόγου
661 1388 689 1453 ἐν
703 1394 760 1463 τοῖς
774 1388 878 1477 ἄρσεσι
893 1389 974 1464 κλέος
986 1387 1015 1477 ᾖ.

373 1497 490 1578 Neque
512 1516 606 1578 porro
627 1495 698 1557 haec
722 1497 819 1559 verba
840 1518 959 1570 earum,
981 1517 1054 1579 quoe
1076 1492 1234 1568 audirent,

328 1599 385 1663 ulii
400 1619 466 1661 non
482 1599 559 1661 satis
570 1598 799 1661 convenienter
813 1598 901 1662 dicta
912 1599 1109 1668 videbantur.
1140 1594 1233 1659 Adeo

329 1721 441 1763 omnes
455 1700 496 1762 iis
515 1699 656 1763 elatioris
676 1698 807 1781 spiritds
827 1701 997 1782 igniculos,
1013 1721 1140 1764 omnem
1163 1698 1234 1780 dig-

328 1800 438 1865 nitatis
468 1820 534 1863 suae
564 1800 796 1863 conscientiam
828 1802 1015 1886 quotidiana
1044 1801 1234 1884 depravatio

329 1902 533 1964 extinxerat:
557 1899 640 1964 adeo
650 1902 701 1963 vel
718 1921 790 1984 quae
805 1902 935 1985 optimae
950 1913 1059 1965 essent
1073 1900 1155 1963 nihil
1169 1900 1232 1963 sibi

327 2004 397 2088 spei
410 2013 465 2067 aut
479 2003 545 2066 voti
555 2002 636 2066 nihii
651 2002 750 2067 officii
766 2015 824 2067 aut
836 2004 943 2067 laudis
958 2026 978 2066 a
991 2015 1106 2068 natura
1120 2003 1232 2066 datum

329 2106 517 2185 credebant,
530 2104 593 2170 nisi
616 2105 711 2169 unius
730 2106 863 2169 arbitrio
886 2107 1013 2184 servire,
1033 2127 1136 2187 genus
1156 2126 1232 2189 pro·

327 2230 455 2295 pagare,
467 2220 586 2287 texere,
602 2209 703 2272 silere.
742 2210 848 2281 Quam
863 2210 897 2271 in
912 2210 1103 2273 sententiam
1118 2209 1233 2271 mulier

328 2310 476 2396 quadam
509 2312 714 2391 interrogato,
743 2309 907 2393 quomodo
937 2310 1066 2373 laudem
1103 2309 1231 2393 assequi

326 2420 478 2496 speraret,
493 2412 696 2496 respondisse
712 2413 811 2475 fertur
825 2411 962 2476 Homeri
976 2412 1082 2474 verbis

416 2619 492 2685 ἰστὸν
507 2616 673 2705 ἐποιχομένη
689 2620 736 2682 καὶ
754 2619 818 2703 {pb
832 2618 921 2706 λέχος
935 2617 1087 2683 ἀντιόωσα.

328 2830 441 2912 Itaque
463 2826 588 2889 virtutis
611 2846 683 2888 vere
706 2824 867 2888 foemineae
889 2834 943 2887 aut
969 2823 1149 2907 conjugalis
1172 2844 1229 2886 ex·

327 2930 482 3013 emplum,
506 2926 612 3013 qualia
636 2925 721 3011 apud
744 2926 911 2988 Romanos
940 2926 1099 3008 permulta
1128 2924 1228 2987 exsti·

326 3040 443 3106 terunt,
458 3026 546 3112 apud
561 3028 786 3102 Athenienses,
800 3048 842 3089 ne
858 3024 945 3109 apud
962 3026 1095 3089 Grecos
1110 3024 1230 3098 dicam,

326 3130 487 3193 inveneris
510 3130 607 3192 ferme
628 3129 763 3191 nullum.
809 3127 983 3189 Mulierum
1005 3134 1111 3189 autem
1133 3127 1230 3207 vulgo

327 3229 405 3317 quid
419 3231 577 3314 reliquum
599 3229 696 3293 fuisse
712 3228 825 3292 credas
844 3227 907 3290 nisi
922 3239 959 3291 ut
978 3229 1012 3291 in
1034 3249 1103 3290 eam
1124 3227 1227 3310 prati·

326 3332 401 3395 tatis
431 3332 526 3406 viam,
555 3330 648 3413 quasi
685 3329 829 3391 omnium
859 3327 1065 3411 opinionibus
1101 3338 1134 3391 et
1162 3348 1226 3389 ser-

327 3434 475 3497 monibus
492 3433 700 3515 designatam,
715 3432 872 3496 ferreutur
893 3432 1086 3515 praecipites,
1101 3441 1133 3494 et
1155 3451 1229 3512 quae
