3059 4384
335 482 354 545 8
538 466 685 554 annuam
702 498 825 545 runmr
840 496 1021 545 1111111111

372 650 490 740 Ἕκτος·
515 651 575 736 ἐμοὶ
589 648 618 715 δὲ
630 650 766 734 μάλιστα
780 649 942 721 midam
957 649 1054 737 ἄλγεα
1068 647 1174 737 λυγρά.

378 759 409 820 οὐ
425 754 486 844 γάρ
499 780 547 839 μοι
562 755 683 835 θνήσκων
695 752 806 841 λεχέων
820 758 853 818 ἐκ
863 754 967 843 χεῖρας
981 751 1077 842 ὄρεξας

378 856 480 922 111111
493 882 541 940 μοι
556 856 626 931 εἶπες
639 857 750 921 πυκινὸν
763 857 837 934 ἔπος,
853 856 929 920 111τέ
944 883 990 921 κεν
1004 858 1057 922 aiei

377 960 530 1049 μεμνῄμην,
547 959 647 1034 νύκτας
661 984 693 1023 τε
706 958 755 1023 καὶ
769 959 868 1042 ἤματα
881 959 1089 1048 δακρυχέουσα.

335 1167 493 1232 Caeterum
508 1166 594 1230 haud
609 1167 676 1230 scio
692 1188 732 1230 an
754 1177 973 1249 argumentum
987 1168 1038 1229 vel
1052 1167 1230 1231 maximum

336 1268 511 1356 φιλογυνείας
531 1270 625 1333 istius
643 1270 827 1333 Homericae
849 1270 890 1333 'ab
911 1267 984 1353 iperi
998 1270 1136 1333 Helenae
1158 1290 1230 1355 pcr-

335 1370 416 1436 somi
437 1373 479 1435 sit
497 1369 713 1455 repetendum.
758 1370 850 1452 Opus
869 1388 944 1433 vero
964 1366 1083 1433 mauis·
1100 1370 1231 1435 artificis

335 1470 543 1557 palmarium!
582 1468 677 1543 Quod
714 1471 772 1554 qui
808 1470 963 1549 condidit,
999 1481 1108 1556 posset
1143 1471 1230 1536 idem

334 1576 463 1660 penitus
485 1574 667 1657 explicare;
700 1571 782 1635 adeo
804 1573 930 1636 subtilis
951 1582 1001 1637 est
1025 1587 1120 1659 atque
1142 1596 1230 1638 com-

334 1680 451 1761 plexa3
482 1676 563 1740 adeo
578 1673 683 1738 iridos
704 1694 805 1757 prope
826 1674 888 1738 ritu
904 1677 1016 1739 oculos
1036 1676 1116 1740 fallit
1133 1688 1230 1760 atque

334 1781 454 1862 fatigat.
499 1780 547 1843 Ut
567 1798 648 1854 eam,
668 1797 863 1862 quocunque
885 1778 1023 1856 incedat,
1041 1780 1133 1862 qnasi
1156 1800 1230 1863 pur·

333 1903 467 1967 pureum
477 1882 586 1944 lumen
601 1876 719 1942 ambit!
744 1880 791 1942 Ut
806 1878 946 1941 divinam
958 1879 1230 1962 pulchritudinem

332 2007 390 2071 per
405 2005 517 2048 senum
540 1981 763 2045 admirantium
784 2002 928 2044 susurros
948 1983 1102 2046 sentimus
1124 1982 1230 2066 potius

333 2110 428 2175 quam
458 2082 621 2151 videmus!
667 2088 715 2149 Ac
745 2087 871 2160 veliem,
900 2086 1039 2169 inquies,
1069 2086 1231 2149 Homerus

332 2191 408 2256 artis
423 2212 489 2255 suae
504 2189 590 2274 quod
611 2188 907 2273 praestantissimum
927 2198 1006 2267 1111,
1020 2189 1055 2251 iu
1076 2188 1231 2251 castitatis

332 2295 439 2381 potius
463 2292 575 2356 laudes
599 2293 797 2355 collocasset.
841 2292 960 2353 Verum
986 2291 1146 2354 enimvero
1168 2291 1231 2353 hoc

330 2398 438 2481 ipsum
461 2406 520 2469 est,
534 2395 569 2458 in
590 2412 653 2477 quo
676 2394 816 2456 maxime
835 2394 960 2455 laborat
982 2394 1135 2455 saeculum
1159 2394 1230 2454 Ho-

331 2499 485 2563 mericum
515 2508 548 2561 et
577 2496 801 2561 aChristiano
825 2495 879 2557 iilo
907 2495 1047 2558 immane
1075 2504 1230 2578 quantum

333 2601 514 2684 discrepat:
538 2619 652 2681 nempe
668 2597 756 2682 quod
771 2606 809 2660 ut
827 2618 888 2659 uec
904 2596 981 2659 viris
995 2595 1171 2672 veriverbii,
1185 2595 1232 2658 ita

334 2722 401 2765 non
421 2700 562 2764 foeminis
582 2698 749 2783 pudicitiae
763 2699 869 2761 labem
890 2697 1056 2761 admittere
1071 2718 1231 2760 summum

331 2802 469 2866 habetur
489 2799 592 2878 nefas,
610 2810 642 2863 et
663 2800 715 2863 vel
737 2811 838 2862 morte
860 2800 962 2881 magis
983 2797 1229 2862 formidandum.

332 2902 419 2966 Nolo
449 2898 599 2984 equidem
621 2899 656 2962 in
684 2920 718 2962 re
739 2897 865 2981 ingrati
893 2900 1065 2963 immorari.
1109 2900 1229 2961 Verum

332 3005 460 3069 Helena
474 3002 632 3087 numquid
653 3003 804 3065 facinoris
823 3003 873 3065 sui
892 2998 1091 3065 conscientia
1106 3000 1231 3063 videtur

333 3106 419 3189 augi,
442 3127 514 3189 quae
537 3124 645 3169 coram
668 3106 830 3183 Menelao,
852 3126 960 3167 coram
982 3104 1165 3187 hospitibus
1186 3102 1230 3165 ‘de

332 3208 432 3295 Troja
444 3209 543 3272 libere
557 3209 706 3292 loquatur
718 3207 729 3271 1
761 3207 929 3293 Numquid
951 3207 1045 3271 sentit
1060 3207 1230 3270 Menelaus

333 3336 366 3378 se
381 3311 521 3375 soeminae
536 3330 740 3395 recuperasse
761 3331 888 3392 corpus,
902 3331 1014 3393 puram
1036 3311 1145 3373 uxoris
1160 3308 1228 3372 ani-

332 3437 416 3480 mam
430 3434 497 3476 non
513 3410 741 3497 recuperasse?
774 3412 874 3497 Cujus
889 3413 1053 3477 mulierum
1067 3410 1230 3496 pravitatis
