3059 4384
337 1130 537 1199 QUAENAM
567 1132 725 1193 FUERIT
751 1132 991 1193 MULIERUM
1015 1134 1129 1195 APUD

388 1262 596 1322 VETERES
617 1262 794 1323 GRAECOS
819 1263 1063 1323 CONDITIO?

334 1499 570 1571 Qumsulorrurr
606 1522 682 1565 sene
719 1502 931 1585 multiplicem
966 1501 1181 1584 ingredimurt

285 1619 360 1661 nem
372 1620 553 1682 permagnae
564 1600 691 1663 fuerunt
700 1600 809 1664 saeculi
823 1599 1000 1678 Homerici,
1011 1600 1135 1663 Domm
1150 1610 1183 1665 et

288 1701 412 1775 Ionum,
427 1709 492 1764 tem
514 1701 549 1764 in
562 1700 624 1765 hec
639 1722 683 1781 re,
700 1722 795 1786 quam
809 1702 844 1764 in
859 1700 931 1766 aliis
950 1701 1184 1767 dissimilitudi-

287 1822 353 1865 nes.
391 1803 507 1887 Itaque
518 1804 693 1868 orationem
705 1813 846 1868 nostram
860 1804 907 1869 ite
921 1804 1184 1890 disponamus‚ut

286 1926 358 1989 quae
381 1905 445 1968 sint
465 1905 717 1991 uniuscujusque
737 1905 842 1989 gentis
857 1908 909 1971 vel
928 1907 1030 1971 aetatis
1046 1908 1185 1993 proprie,

284 2028 359 2090 quae
382 2005 521 2091 denique
544 2009 730 2074 Graecorum
752 2010 895 2073 omnium
916 2011 1106 2092 communia,
1125 2032 1184 2096 pro

284 2112 368 2175 virili
395 2112 609 2177 ostendemus.
662 2111 767 2176 Modo
791 2112 1030 2178 meminerimus
1055 2134 1120 2193 eos,
1142 2112 1185 2177 de

285 2214 406 2298 quibus
426 2214 538 2297 agitur,
552 2236 618 2279 non
639 2214 773 2279 Graecos
794 2215 898 2277 solum
919 2214 1028 2295 fuisse,
1046 2214 1107 2279 sed
1124 2214 1185 2279 ho·

284 2316 410 2380 mines:
457 2315 545 2400 apud
570 2315 729 2379 homines·
742 2336 817 2379 vero
840 2316 970 2399 quosvis
995 2338 1063 2380 non
1087 2336 1185 2401 posse

284 2438 352 2481 non
377 2418 513 2482 multum
537 2418 641 2482 valere
661 2418 834 2482 mulierum
859 2417 991 2483 formam
1016 2428 1113 2503 etque
1133 2418 1185 2482 in·

285 2518 426 2601 genium,
448 2527 584 2583 matrum
602 2520 835 2596 auctoritatem,
853 2540 991 2584 uxorum
1012 2520 1186 2600 caritatem,

283 2620 455 2684 liberomm
470 2620 615 2704 pignore.
657 2623 710 2685 Ne
724 2622 814 2699 forte,
830 2619 907 2685 dum
921 2621 1029 2686 omnia
1041 2620 1186 2686 formulis

285 2718 480 2805 quibusdem
507 2722 773 2789 luculentioribus
797 2744 894 2809 quem
922 2723 1098 2787 verioribus
1127 2723 1186 2786 ob·

284 2822 480 2905 stringimus,
501 2823 724 2907 intelligendo,
752 2822 841 2909 quod
869 2823 915 2888 eit
936 2822 1117 2903 Terentius,
1137 2822 1184 2886 fa·

284 2923 419 2999 ciamus,
434 2933 471 2989 ut
484 2924 567 2989 nihil
581 2926 806 3009 intelligemus.

327 3026 471 3091 Heroice
499 3034 606 3093 eutem
634 3028 745 3108 virtus,
769 3038 806 3092 ut
833 3050 854 3092 a
881 3028 963 3093 Jove
990 3025 1185 3112 principium

282 3130 460 3214 capiamus,
483 3131 603 3197 bellica
627 3131 778 3217 quaedam
805 3130 876 3208 fuit,
901 3138 1032 3196 etcum
1055 3128 1186 3193 eximiis

283 3233 429 3318 corporis
450 3233 570 3299 viribus
589 3234 771 3321 conjuncte.
818 3232 920 3319 Cujus
938 3240 1052 3297 natura
1072 3231 1186 3295 mulie·

282 3334 351 3399 bris
371 3357 446 3401 cum
466 3336 629 3421 particeps
649 3358 719 3402 esse
741 3346 891 3422 nequeat,
904 3335 975 3401 fieri
993 3356 1061 3399 non
1079 3332 1185 3418 potuit

237 3454 239 3457 ·
285 3435 376 3517 quin,
389 3446 425 3502 ut
444 3458 464 3500 e
483 3436 679 3521 perfectione
700 3434 826 3503 summai
842 3438 997 3521 ablegata,
1012 3455 1107 3521 oequo
1125 3433 1184 3498 mi·

707 3556 729 3603 Δ
743 3545 764 3603 2
