3059 4384
340 491 381 549 28
545 504 694 556 ounuau
710 503 835 549 ronam
850 502 1034 549 uumnnun

340 659 523 743 cipientem‚
537 659 619 723 inter
635 659 750 722 civium
766 659 867 721 otium
886 658 1015 721 liberale
1030 668 1064 720 et
1078 678 1238 722 servorum

340 780 448 842 opera,
469 760 558 823 nullo
580 759 708 845 proprio
730 759 848 836 officio,
870 757 1009 821 mediam
1033 757 1239 841 pendentem.

340 863 455 946 Itaque
476 883 534 946 pro
549 884 584 925 se
599 873 734 944 uterque
749 870 784 924 et
797 860 918 925 ratione
933 861 990 923 sui
1004 862 1116 923 morbo
1138 860 1239 924 mani·

340 961 422 1025 festo
436 960 556 1025 mederi
569 961 716 1027 instituit.
747 962 840 1025 Plato
852 981 955 1024 errore
966 960 1055 1023 fatali
1065 961 1121 1023 illo
1134 960 1240 1042 gentis

341 1086 419 1142 suae,
437 1074 474 1129 ut
495 1065 583 1128 salva
605 1064 674 1151 ejus
696 1064 860 1149 majestate
883 1062 1002 1140 dicam,
1022 1063 1159 1127 nimium
1180 1065 1241 1126 im-

340 1169 449 1247 butus,
466 1168 523 1251 qui
545 1168 683 1232 civitatis
705 1188 782 1249 ergo
804 1166 963 1240 homines,
985 1188 1051 1229 non
1074 1166 1240 1230 hominum

342 1270 443 1353 gratia
458 1270 619 1361 civitatem
633 1271 813 1334 institutam
827 1268 996 1350 intelligat,
1005 1270 1102 1333 vitam
1118 1291 1156 1334 ac
1171 1269 1243 1342 seli-

342 1372 482 1449 citetem‚
496 1372 558 1437 nisi
578 1372 716 1449 civilem,
730 1373 852 1435 nullam
874 1372 1044 1455 relinquat,
1061 1393 1164 1435 rerum
1184 1392 1242 1434 na-

341 1485 444 1537 turam
474 1473 657 1557 disciplinae
687 1494 764 1549 suae,
789 1494 854 1535 non
884 1485 1005 1535 naturae
1036 1472 1241 1555 disciplinam

342 1597 432 1639 suam
455 1574 698 1639 accommodare
720 1576 807 1653 velit,
829 1573 975 1651 eandem,
999 1585 1033 1637 ut
1056 1576 1243 1639 animalium

342 1678 525 1763 utriusque·
530 1678 666 1761 generis,
686 1678 731 1741 ita
748 1678 948 1741 foeminamm
969 1700 1006 1741 ac
1027 1679 1164 1742 virorum
1185 1700 1243 1742 na·

343 1792 445 1845 turam
462 1802 533 1844 esso
547 1780 688 1865 judicat,
703 1778 831 1843 easdem
853 1800 947 1862 porro
966 1780 1110 1859 virtutes,
1130 1778 1244 1843 eadem

343 1883 467 1959 officie3
499 1882 572 1945 illas
597 1881 818 1945 imbecillitate
840 1881 943 1944 solum
965 1882 1006 1943 ab
1028 1880 1081 1944 his
1106 1880 1242 1945 differre.

344 1986 469 2069 Itaque,
492 2005 566 2049 cum
589 2004 629 2047 ex
657 1983 754 2047 animi
785 1983 944 2045 sententia
964 1982 1112 2047 instituta
1140 1982 1242 2066 fingit,

342 2086 485 2170 impertit
497 2086 681 2150 mulieribus
697 2096 764 2151 tum
779 2085 911 2148 liberale
930 2083 1010 2148 illud
1030 2085 1141 2164 otium,
1155 2085 1244 2148 miris

344 2192 479 2276 operarii
503 2191 672 2277 cujusdam
696 2191 809 2291 populi
833 2190 1038 2254 adminiculis
1066 2191 1244 2265 suffultum,

344 2307 411 2359 tum
442 2293 666 2358 educationem
697 2292 929 2375 gymnasticam
942 2304 1053 2375 ‘atque
1077 2292 1245 2371 musicam,

346 2396 558 2481 magistratus,
573 2395 678 2459 studia
700 2396 826 2458 bellica.
871 2396 977 2467 Quam
998 2396 1190 2459 sententiam
1209 2395 1245 2458 in

345 2499 471 2581 Legum
491 2498 574 2561 libro
597 2498 645 2561 ita
667 2507 884 2572 retractarunt
905 2519 940 2561 ee
961 2519 1165 2583 nequaquam
1187 2518 1245 2560 ex·

344 2600 457 2686 pediat
464 2622 475 2678 3
498 2600 587 2670 ,duas
611 2609 736 2665 tantum
758 2621 817 2684 pro
840 2602 904 2663 una
926 2601 1070 2665 civitates
1090 2601 1247 2680 instituat,

345 2723 443 2767 unam
457 2700 606 2779 virorum,
621 2701 821 2765 soemiuarum
843 2704 983 2776 alteram,
998 2713 1164 2784 utramque
1179 2701 1248 2765 suis

346 2802 483 2888 syssitiis
496 2813 591 2888 atque
602 2804 786 2887 gymnasiis,
795 2812 974 2887 caeteroque
988 2802 1149 2866 felicitatis
1163 2803 1246 2886 pub·

346 2906 419 2969 licse
437 2916 593 2989 apparatu
609 2904 707 2989 juxta
727 2905 923 2968 instructam.
969 2900 1066 2976 Quod
1081 2927 1156 2968 vero
1178 2926 1246 2968 om·

347 3007 436 3072 nium
462 3017 512 3071 est
537 3006 760 3081 tristissimum,
783 3026 907 3069 morum
932 3006 1084 3086 magister
1104 3008 1159 3070 ille
1182 3018 1246 3070 tam

349 3111 489 3189 divinoe,
517 3120 593 3187 tam,
623 3130 723 3193 prope
753 3110 900 3183 dixerim,
927 3107 1140 3188 Christianus,
1169 3108 1247 3173 dum

347 3211 448 3275 nimio
472 3210 636 3274 societatis
659 3209 764 3273 vetitae
789 3208 935 3292 appetitu
959 3208 1081 3290 flagrat,
1103 3231 1247 3295 praeceps

349 3311 486 3376 defertur
511 3311 545 3373 iu
570 3308 740 3373 nefandam
765 3309 854 3373 illam
879 3309 1044 3373 mulierum
1070 3312 1247 3375 communi-

349 3414 522 3481 candarum
536 3414 702 3493 rationem,
711 3434 794 3497 quae,
805 3414 893 3477 velut
907 3414 1066 3477 somnium
1082 3413 1247 3496 quoddam
