3059 4384
452 490 540 537 anon
554 490 704 537 vernans
718 492 856 537 cuncos
873 492 1031 539 connrrro
1045 472 1056 537 l
1188 482 1207 540 7

307 642 535 724 intercedente,
559 645 706 711 educant
752 647 842 711 Inter
864 646 935 711 haec
960 645 1030 709 dies
1058 646 1207 726 decurrit,

304 746 365 809 nisi
390 758 446 811 aut
466 748 584 833 hospes
606 749 697 827 forte,
717 756 773 813 aut
793 748 918 813 institor
940 748 1136 827 Phoenicius,
1156 770 1207 815 res

304 868 420 929 magna
435 860 467 912 et
480 850 707 929 memorabilis,
721 850 937 915 intervenerit.
973 850 1058 913 Tum
1071 850 1204 915 ludendi

302 970 340 1013 ec
359 950 496 1015 feriandi
507 962 556 1017 est
566 952 705 1030 occasio,
714 954 903 1037 quotiesaut
918 953 994 1029 una,
1006 962 1041 1015 ut
1049 952 1203 1032 Troades,

302 1060 358 1113 aut
372 1050 509 1131 singulae
532 1072 606 1115 cum
622 1052 748 1116 ancillis
770 1054 847 1131 suis,
862 1064 897 1115 ut
911 1052 1084 1131 Nausicaa,
1098 1063 1202 1117 vestes

301 1152 345 1217 ad
364 1153 497 1217 fluvium
519 1153 696 1219 abluendas
718 1154 874 1219 deserant·
918 1153 1005 1227 Quid
1022 1155 1203 1219 latissimos

300 1256 374 1319 illos
397 1254 543 1319 dicamus
560 1256 675 1319 messis
695 1278 732 1320 ac
753 1256 925 1321 vindemiae
944 1258 1092 1333 labores3
1123 1258 1203 1342 quid

301 1356 418 1423 choros
430 1356 496 1421 sive
513 1378 630 1435 sacros,
642 1358 709 1421 sive
725 1358 950 1421 oblectationis
964 1364 1088 1421 tantum
1102 1356 1202 1423 causi

300 1459 475 1537 institutos,
490 1480 572 1542 quos
580 1459 705 1545 junctae
720 1482 795 1524 cum
810 1459 1060 1525 adolescentulis
1073 1460 1202 1542 puellae,

300 1560 381 1625 festo
405 1561 533 1640 vestitu,
552 1562 676 1645 populo
697 1562 818 1627 circum
842 1572 1008 1646 spectante
1028 1562 1200 1627 celebrant.

303 1663 382 1735 Quae
402 1664 513 1727 omnia
534 1664 789 1743 consuetudinis,
803 1665 965 1743 amicitis,
979 1664 1096 1728 amoris
1110 1664 1201 1729 deni·

304 1786 363 1849 que
378 1766 633 1851 opportunitates
647 1767 778 1836 habent.

344 1866 470 1941 Quodsi
485 1867 574 1951 ipsos
589 1870 764 1933 animorum
780 1868 919 1946 habitus,
934 1867 1110 1931 certissima
1124 1888 1201 1931 con·

299 1968 433 2033 ditionis
447 1969 481 2031 iu
495 1978 662 2052 utramque
681 1979 806 2053 partem
826 1968 956 2045 indicia,
971 1968 1160 2052 respexeris,
1174 1969 1202 2033 si

298 2083 459 2154 quatenus
475 2072 611 2135 Homeri
631 2072 772 2155 aequales
786 2070 906 2134 indolis
920 2070 1080 2135 foemineae
1095 2070 1201 2133 suavi·

299 2182 408 2251 tatem,
423 2171 605 2255 puritatem,
620 2172 792 2235 elationem
808 2170 1026 2252 cognoverint,
1040 2171 1201 2255 anquiras,

300 2272 409 2337 videas
430 2273 581 2337 nimirum
603 2280 750 2349 matnrm,
770 2272 917 2347 filiarum,
938 2270 1110 2354 conjugum
1129 2293 1201 2356 per·

298 2396 395 2439 sonas
417 2376 518 2457 gratia
540 2375 680 2460 quddam
701 2372 813 2439 nativi
834 2374 959 2458 plenaS,
974 2374 1041 2436 sine
1063 2373 1139 2437 fuco
1161 2395 1200 2437 ac

301 2474 445 2540 fallaciis.
489 2474 642 2537 Putidum
665 2485 751 2537 esset
772 2492 936 2535 recensere
957 2471 1024 2551 illa,
1039 2494 1110 2557 quae
1132 2496 1200 2539 om-

299 2576 401 2655 nium,
424 2575 479 2659 qui
504 2578 636 2639 Graecas
660 2576 783 2639 litteras
813 2573 1060 2657 degustaverint,
1086 2575 1201 2639 animis

300 2676 429 2763 penitus
448 2676 820 2741 inherent-Nausicaa
839 2674 1086 2739 adolescentiam
1102 2677 1201 2761 piam,

302 2776 485 2857 candidam,
531 2776 907 2861 pudicam-Penelopes
952 2775 1051 2841 fidem
1094 2778 1201 2841 incor-

301 2890 439 2963 ruptam,
453 2880 653 2965 majestatem
673 2902 746 2945 vere
765 2881 896 2962 regiam,
911 2889 943 2944 et
960 2880 1011 2943 vel
1028 2901 1200 2964 procorum

300 2980 480 3045 insolentiae
496 2981 995 3047 venerandam—Andromaches
1009 2982 1150 3045 animam
1164 2982 1199 3045 in

301 3105 366 3147 uuo
383 3083 534 3163 defixam,
549 3105 732 3169 supremum
747 3106 823 3149 cum
837 3085 904 3148 viro
923 3084 1129 3169 colloquium,
1144 3083 1200 3147 vix

301 3186 398 3249 siccis
427 3187 528 3250 oculis
557 3187 775 3265 recolendum,
796 3187 1038 3251 lamentationes
1060 3197 1197 3252 mentem

302 3287 352 3351 sui
367 3297 456 3370 parte
470 3290 611 3353 orbatam
627 3288 781 3353 divinitus
795 3288 1009 3372 exprimentes

346 3402 447 3488 ἀρητὸν
461 3399 489 3465 δὲ
503 3409 615 3465 τοκεῦσι
632 3402 698 3491 γόον
714 3405 761 3467 καὶ
776 3400 866 3476 πένθος
879 3404 975 3482 ’ἔθηκας
