3059 4384
1414 427 1416 458 t

333 512 375 570 22
536 522 687 574 cunulis
703 519 828 565 aunam
843 518 1023 565 unmeanu
1123 534 1126 538 ·
1381 581 1385 594 ι
1412 518 1416 614 q

336 681 492 754 Quaenam
521 686 627 741 autem
656 676 753 755 vulgo
789 674 884 737 suerit
918 683 1040 737 naturae
1069 671 1235 735 muliebris

335 781 444 865 opinio
471 790 504 843 et
527 776 731 855 verecundia,
757 773 928 839 ostendent
948 774 1043 838 nobis
1067 795 1111 837 ex
1136 773 1235 837 alera

335 892 423 969 parte
445 880 631 965 Euripides,
652 889 750 963 poeta
771 878 912 941 maxime
933 876 1109 961 popularis,
1129 877 1235 961 etqui

336 986 499 1070 professus
526 984 621 1046 fuerit
650 1004 683 1045 se
712 981 863 1044 foeminas
891 980 933 1043 ad
955 980 1064 1043 vivum
1091 980 1235 1063 pingere,

336 1108 379 1151 ex
393 1085 492 1151 alteri
507 1085 677 1169 scriptores
692 1074 829 1148 comici.
874 1084 914 1147 In
928 1082 1114 1165 Euripideis
1129 1092 1234 1145 antem

335 1188 453 1252 sabulis
482 1208 556 1251 cum
585 1186 704 1271 primas
732 1174 888 1249 scelerum
924 1195 1029 1267 partes
1058 1182 1236 1247 defendunt

335 1287 543 1351 Phaedramm
568 1308 605 1351 ac
632 1284 820 1349 Medeamm
845 1281 1068 1362 immanitates,
1089 1291 1158 1347 tum
1179 1284 1235 1345 'vix

336 1388 492 1454 ducentos
513 1410 651 1471 usquam
674 1408 782 1452 versus
802 1387 985 1472 perlegeris,
1007 1388 1085 1471 quin
1110 1384 1235 1469 aliquid

337 1490 378 1555 de
399 1492 601 1557 faeminarum
622 1490 855 1569 imbecillitate,
874 1489 1100 1568 inconstantit,
1119 1489 1234 1550 immo·

337 1590 438 1657 desiit
456 1592 541 1656 vitiis
556 1612 594 1655 ec
608 1590 738 1671 flagitiis
758 1591 904 1655 acerbius
923 1590 1045 1654 dictum
1063 1589 1233 1653 inveneris.

338 1694 455 1777 Neque
473 1691 540 1776 ejus
560 1687 740 1775 praeparabis
759 1692 958 1755 manifestam
980 1692 1055 1754 ullis
1076 1690 1237 1754 machinis

337 1792 513 1869 sustuleris,
528 1793 652 1855 etiamsi
671 1791 758 1855 idem
779 1802 903 1855 naturae
921 1792 1074 1869 bonitate,
1088 1804 1120 1854 et
1134 1792 1235 1855 sensi·

336 1894 400 1957 bus
419 1893 627 1971 mollioribus,
642 1913 778 1977 qnorum
796 1914 1000 1976 nequaquam
1019 1915 1135 1977 expers
1156 1906 1234 1968 erat,

335 1993 511 2058 identidem
525 1994 638 2074 victus,
653 1996 688 2058 in
704 1995 829 2059 diversa
849 2007 998 2074 transeat,
1013 2007 1045 2060 et
1064 1996 1233 2059 Phaedram

337 2096 574 2181 quodammodo
596 2096 758 2161 Alcestide
781 2096 945 2179 rependat.
990 2096 1134 2160 Cornicis
1159 2118 1234 2161 vero

337 2197 452 2261 mulier
466 2197 585 2262 animal
600 2208 813 2282 estnequam,
828 2196 1011 2281 prodigum,
1020 2199 1117 2276 edax,
1131 2211 1234 2282 temu-

336 2300 470 2378 lentum,
483 2300 634 2377 mendax,
648 2300 751 2379 birex,
765 2299 917 2363 omnibus
935 2301 1026 2364 malis
1045 2303 1236 2378 confertum,

338 2402 417 2467 seris
432 2413 464 2466 et
477 2402 622 2467 claustris
641 2401 887 2466 custodiendum
906 2412 1005 2487 atque
1024 2404 1235 2487 comprimen-

339 2500 417 2567 dum
430 2524 482 2581 ne,
497 2525 561 2587 quo
581 2502 694 2586 sulpte
713 2502 826 2586 nature
844 2503 952 2582 fertur,
965 2504 1000 2565 in
1018 2526 1114 2567 omne
1134 2525 1237 2585 genus

335 2604 507 2669 libidinum
522 2614 677 2689 erumpat.
715 2604 823 2667 Facile
837 2603 948 2667 videas
961 2626 1068 2669 eseam
1083 2607 1235 2669 auriculis

335 2706 491 2791 improbis
510 2716 542 2770 et
560 2704 773 2771 insolentibus
792 2707 982 2769 collectam:
1006 2707 1099 2771 facile
1116 2710 1234 2771 sentias

338 2806 453 2871 stolide
477 2816 510 2871 et
532 2806 642 2870 odiose
663 2808 872 2885 exsultantes,
887 2807 975 2885 dum,
990 2829 1071 2891 quas
1093 2810 1233 2893 quotidie

338 2909 426 2973 timui
447 2909 562 2994 injuria
588 2920 620 2972 et
645 2905 840 2973 contumeliis
865 2909 1019 2986 afficiunt,
1041 2910 1238 2994 opprimunt,

337 3011 522 3095 depravant,
537 3010 727 3075 deridendus
748 3012 789 3075 iis
809 3021 843 3075 et
861 3012 1113 3076 contemnendas
1126 3034 1234 3077 asseu-

335 3122 417 3177 tator
431 3114 580 3197 publicus
593 3113 751 3197 propinat.

381 3214 524 3290 Quorum
552 3236 684 3279 numero
713 3216 800 3281 haud
821 3217 887 3281 scio
909 3237 961 3293 an,
982 3217 1010 3278 si
1037 3218 1139 3301 ipsius
1162 3240 1234 3281 sen-

337 3316 468 3379 tentiam
488 3326 626 3400 spectes,
645 3316 837 3381 eximendus
859 3317 901 3381 sit
920 3317 1161 3401 Aristophanes,
1179 3321 1234 3402 qui

338 3416 372 3480 in
387 3418 505 3481 sabulis
521 3419 587 3483 suis
610 3420 785 3498 nonnullis,
799 3420 875 3483 satis
893 3420 957 3483 illis
973 3420 1103 3503 quidem
1121 3442 1179 3503 per
1200 3444 1235 3484 se

337 3518 547 3600 detestandis,
570 3522 737 3586 mulierum
768 3533 863 3606 atque
893 3523 1058 3587 cantatum
1085 3525 1235 3587 domesti-
