3059 4384
445 494 531 540 truo
545 494 691 543 verunas
708 497 842 543 caucos
856 476 1034 544 connino?
1168 480 1189 539 9

292 668 342 725 ea,
355 656 392 711 ut
404 648 451 727 fit,
461 650 597 713 virorum
612 650 647 713 in
662 648 759 716 cauta
774 662 823 716 est
836 652 959 730 levitas,
971 674 1043 737 quae
1058 670 1187 715 omnem

291 750 423 814 thalami
444 754 647 818 sanctitatem
676 754 805 819 dirimit
849 754 1008 840 adempta
1029 773 1103 816 vero
1128 772 1188 835 pu·

293 852 416 929 dicitih,
428 854 520 936 quasi
535 854 632 919 unico
645 856 804 921 foemineae
820 858 994 943 majestatis
1008 856 1110 932 titulo,
1121 874 1188 916 non

292 954 406 1016 mirum
421 964 481 1033 est,
495 977 654 1040 nusquam
674 977 825 1042 apparere
846 959 972 1041 generis
993 956 1080 1020 illius
1099 976 1187 1019 vere·

293 1056 444 1121 cundiam
474 1066 685 1139 constantem,
714 1061 908 1143 religiosam,
935 1062 998 1149 late
1028 1057 1187 1134 diffusam,

293 1159 419 1240 qualem
442 1157 531 1242 apud
546 1159 744 1225 Germanicae
767 1161 873 1245 stirpis
896 1170 1007 1242 gentes
1022 1180 1041 1221 a
1054 1158 1188 1241 primor-

292 1260 354 1323 diis
366 1281 466 1345 usque
478 1262 681 1343 praevaluisse
693 1272 855 1325 auctorem
863 1262 1018 1325 hahemus
1027 1259 1187 1323 Taciturn.

291 1364 433 1427 Tantum
448 1365 549 1439 abest,
564 1376 599 1427 ut
614 1366 796 1429 servitutem
811 1364 921 1428 videas
936 1364 1086 1428 decoram
1100 1364 1188 1426 illam

291 1476 387 1547 atque
410 1465 590 1547 superbam,
608 1487 704 1549 quam
724 1466 865 1530 Burkius
879 1475 986 1529 noster
1006 1474 1113 1542 vocat,
1125 1465 1189 1548 qui

293 1565 494 1628 emolliantur
513 1588 627 1643 mores,
648 1568 830 1631 excitentur
849 1567 964 1643 officia,
987 1567 1060 1629 vitae
1083 1565 1188 1648 quoti·

295 1665 397 1729 dianae
407 1668 564 1731 curriculo
573 1670 680 1730 lumen
692 1680 743 1753 atq
749 1689 788 1731 ua
795 1668 933 1749 dignitas
941 1665 1187 1731 accedat-tan-

296 1780 359 1833 tum
372 1771 463 1833 abest
473 1778 509 1831 ut
516 1772 664 1833 Amorem
676 1771 765 1833 illurn
777 1768 1006 1853 deprehendas,
1019 1768 1073 1851 qui
1085 1768 1187 1831 loemi·

293 1893 404 1935 narum
415 1872 557 1935 omnium
569 1871 744 1937 reverentii
754 1874 847 1957 quasi
857 1873 891 1934 in
906 1892 1002 1935 unam
1011 1867 1187 1947 contracti,

291 1976 454 2038 actionum
470 1976 625 2038 nobilium
642 1978 746 2039 fontes
760 1977 794 2037 in
810 1996 843 2037 se
859 1985 956 2058 atque
968 1973 1099 2057 praemia
1110 1994 1186 2036 con·

289 2077 400 2140 tineal.
445 2078 606 2141 Emuntur
619 2078 720 2158 magis
735 2097 864 2153 uxores,
879 2097 974 2159 quam
990 2075 1187 2149 ambiuntur3

289 2200 350 2243 nec
367 2180 475 2257 animi,
491 2191 526 2243 ut
541 2178 628 2263 apud
645 2178 854 2254 Christianos,
870 2177 927 2239 sed
942 2198 1076 2260 corpora
1090 2177 1187 2239 ferme

290 2293 494 2364 appetuntur.
553 2279 650 2353 Quod
682 2280 757 2343 satis
787 2280 921 2342 ridicule
955 2280 1051 2341 refert
1078 2278 1188 2361 Ajacis

289 2385 407 2448 stolida
423 2383 571 2447 socordia
590 2396 710 2467 septem
734 2384 854 2447 Achilli
873 2383 1021 2445 mulieres
1041 2403 1099 2466 pro
1123 2379 1188 2443 und

289 2487 515 2571 promittentis,
551 2508 588 2549 ac
626 2486 822 2563 demirantis,
859 2485 1013 2569 quidnam
1049 2484 1188 2568 amplius

289 2588 461 2653 desideret.

333 2692 499 2755 Postremo
519 2691 754 2755 meminerimus
777 2703 910 2775 oportet,
932 2713 996 2768 eas,
1019 2712 1100 2776 quas
1122 2698 1187 2751 tam

288 2796 425 2880 pulchre
445 2795 537 2858 nobis
552 2796 715 2858 Homerus
736 2794 890 2877 depingit,
904 2796 992 2877 regio
1007 2816 1076 2859 esse
1091 2794 1185 2857 loco:

289 2897 331 2960 de
360 2896 497 2981 plebeiis
525 2916 628 2981 pauca
656 2896 758 2959 tradi:
793 2917 954 2977 servarum
980 2906 1097 2959 sortem
1126 2895 1187 2957 etsi

288 2999 544 3074 tolerabiliorem,
561 3020 659 3082 quam
674 2998 761 3081 apud
781 2999 973 3063 recentiores
987 2997 1081 3061 fuerit
1095 2998 1186 3060 Grae·

287 3120 357 3181 cos,
371 3103 447 3166 satis
462 3101 572 3165 duram
588 3114 695 3165 tamen
711 3109 744 3164 et
764 3101 955 3165 laboriosam
970 3102 1084 3184 prodi:
1118 3114 1186 3166 tum

288 3205 396 3267 omnia
410 3212 537 3287 poetam
553 3203 625 3287 jure
641 3225 699 3266 suo
715 3202 896 3265 verisimilia
911 3202 1041 3287 quidem
1055 3225 1186 3286 ponere,

289 3307 347 3371 sed
374 3305 489 3369 eadem
516 3307 598 3370 varis
626 3306 818 3389 pulchriora.
863 3305 1039 3370 Homerico
1067 3307 1185 3370 saeculo

288 3430 364 3488 non,
379 3407 647 3491 quemadmodum
666 3407 848 3473 Christiano
867 3406 925 3486 illi,
943 3407 1105 3473 annalium
1127 3429 1184 3469 ex-
