3059 4384
682 491 767 548 32
814 504 1113 556 QUAENAM
1139 506 1384 551 FUERIT
1415 508 1776 554 nummum
1801 507 1975 552 APUD
2000 506 2313 566 VETERES,
2338 506 2477 551 Ere.

568 704 573 708 -
685 659 1030 740 nitebatur,
1088 659 1401 746 dirempta
1458 662 2009 726 necessitudinum
2070 662 2319 740 catenst,
2365 681 2484 744 per

688 782 880 845 quam
909 777 1137 827 natura
1175 786 1452 828 amorem
1496 766 1595 828 sui
1637 786 1785 829 cum
1831 787 2042 828 amore
2072 765 2295 849 patriae
2326 784 2478 827 con-

675 861 945 946 jugavit,
975 885 1121 926 cum
1154 864 1318 927 nihil
1362 866 1659 929 relictum
1690 875 1861 929 esset
1901 865 1968 928 in
2000 866 2131 928 vita
2166 874 2479 929 secretum

685 974 797 1026 aut
854 976 1144 1028 sanctum
1205 976 1315 1030 aut
1356 967 1716 1051 plebiscitis
1773 988 1908 1030 non
1966 966 2294 1044 mutabile,
2337 986 2478 1050 per-

683 1086 938 1130 manere
967 1068 1098 1130 ullo
1127 1068 1321 1132 modo
1351 1070 1581 1154 potuit.
1670 1071 1928 1143 Quanto
1959 1070 2188 1133 melius
2217 1091 2365 1133 cum
2396 1068 2481 1132 ad

683 1168 831 1232 vitae
861 1168 1228 1235 domesticae
1256 1173 1655 1236 honestatem
1686 1184 1750 1235 et
1778 1172 2208 1251 dulcedinem,
2230 1185 2367 1235 tum
2397 1171 2481 1234 ad
2590 1195 2611 1209 ‘

686 1270 1043 1335 officiorum
1073 1274 1355 1337 civilium
1387 1275 1811 1338 constantiam
1834 1285 1898 1338 et
1919 1274 2292 1382 gravitatem
2324 1294 2448 1337 con

685 1372 1010 1438 ducebant
1039 1376 1335 1440 Romana
1363 1376 1475 1440 illa

959 1508 1163 1571 Quodsi
1185 1509 1373 1580 pudica
1395 1508 1583 1563 mulier
1605 1510 1661 1561 in
1684 1513 1888 1581 partem
1903 1510 2056 1581 juvet

1107 1594 1337 1648 Domum
1361 1600 1519 1665 atque
1545 1594 1721 1648 dulces
1741 1594 1935 1649 liberos

966 1680 1164 1732 Sabina
1184 1680 1371 1749 qualis,
1395 1685 1489 1733 aut
1508 1686 1720 1753 perusta
1741 1680 1937 1734 solibus

1106 1766 1341 1820 Pernicis
1361 1784 1496 1820 uxor
1516 1766 1733 1839 Appuli,

961 1854 1176 1907 Sacrum
1198 1859 1254 1908 et
1273 1855 1493 1907 vetustis
1515 1859 1756 1907 exstruat
1774 1854 1933 1923 lignis
1954 1853 2125 1908 focum

1109 1939 1261 1993 Lassi
1285 1941 1381 1994 sub
1404 1940 1686 1994 adventum
1707 1941 1820 1993 viri.

678 2060 964 2126 Tantum
1025 2064 1206 2127 abest
1264 2073 1336 2127 ut
1389 2063 1583 2127 nobis
1642 2062 2069 2127 desideranda
2128 2063 2211 2126 sit
2268 2083 2471 2149 rerum

677 2165 1080 2249 publicarum
1141 2168 1388 2251 species
1445 2167 1562 2231 illa.
1618 2179 1745 2231 tam
1792 2168 2146 2245 luculenta,
2189 2177 2257 2230 et
2300 2165 2476 2229 omni

676 2287 944 2330 numero
987 2269 1268 2351 expleta,
1297 2278 1382 2345 et,
1410 2290 1545 2351 prae
1590 2268 1845 2332 civitate
1889 2264 2111 2331 nostr&
2154 2280 2287 2331 tam
2331 2288 2472 2351 per-

675 2364 872 2451 plexfi
904 2378 971 2432 et
1011 2370 1459 2453 incompositA‚
1486 2370 1695 2452 primo
1734 2368 1991 2454 quidem
2023 2380 2289 2453 aspectu
2328 2389 2474 2452 per-

674 2479 977 2533 venusta:
1041 2470 1224 2553 quasi
1264 2468 1637 2552 Tragoedias
1675 2469 1821 2533 illas
1863 2470 2237 2533 artificiosas
2280 2478 2473 2553 atque

663 2587 989 2671 &1:¹qu
1053 2595 1197 2631 cum
1277 2572 1506 2635 sabulis
1580 2570 1867 2635 conferas
1926 2570 2475 2654 Shakesperiani8‚

579 2659 820 2759 ξ-’ζζιὶἱιξ
856 2675 1085 2775 [impis
1117 2675 1472 2737 animorum
1513 2674 1795 2738 omnium
1839 2672 2226 2758 capacibus!
2298 2673 2472 2736 Tan-

568 2779 584 2851 2.
632 2779 638 2783 “
680 2779 872 2835 talam
925 2747 1273 2855 pbslremo
1330 2776 1610 2841 veritatis
1684 2776 2041 2861 portionem
2102 2776 2474 2859 exprimunt

680 2879 1101 2959 Arlstntfflis
1093 2907 1133 2936 1
1145 2883 1325 3001 erbas·
1349 2874 1495 2952 ὅσοις
1551 2881 1629 2941 τὰ
1689 2881 1845 2942 κατὰ
1910 2877 2185 2964 γυναῖκας
2247 2882 2469 2954 Φαῦλα,

1061 2937 1105 2995 Α

608 2987 900 3095 'snffxffiffl‘
925 2987 1113 3063 ww
1153 3007 1237 3047 Τί]
1273 2970 1506 3071 ἥμισυ
1550 2993 1650 3053 οὐκ
1679 2989 2095 3073 &amovebo-o!

648 3123 652 3127 '
684 3119 840 3175 ’·-ι
872 3163 896 3167 -
1548 3152 1992 3217 GOLDWIN
2068 3150 2385 3227 SMITH,

1719 3283 1760 3327 Ε
1792 3264 1993 3329 Com„
2025 3266 2252 3328 an.
