3059 4384
429 524 518 571 eeuo
532 522 681 570 veranus
697 524 831 570 euneos
846 509 1030 572 connrrro?
1140 518 1183 576 2⁶

286 681 455 746 affectibus
492 688 525 744 et
560 678 675 743 studiis
711 679 876 744 altioribus
912 682 1044 745 omnino
1073 705 1184 751 vacuoe

287 782 499 861 crederentur,
521 780 711 846 libidinibus
740 783 843 845 solum
871 781 1080 867 indulgendis
1108 798 1184 853 totae

285 884 528 951 incumberent?
567 886 602 949 si
631 884 824 949 documenta
845 907 980 970 quaeres,
1002 888 1043 953 ad
1065 891 1187 958 Aristo-

286 990 428 1073 phanem
443 1000 474 1054 te
495 990 640 1053 conferas
661 999 798 1073 oportet.
841 989 977 1053 Videbis
993 992 1050 1071 ibi,
1066 1016 1139 1078 quae
1154 1008 1187 1061 et

288 1114 345 1177 per
379 1113 414 1155 se
442 1090 672 1155 verisimillima
708 1101 793 1168 sunt,
822 1099 856 1154 et
883 1112 990 1171 nemo,
1019 1095 1083 1158 nisi
1113 1120 1188 1163 vera

289 1216 398 1260 coram
434 1194 578 1278 patribus
614 1206 646 1257 et
681 1194 802 1257 maritis
837 1194 1019 1277 prolaturus
1055 1198 1188 1278 fuisset,

288 1305 413 1360 mentes
432 1314 541 1371 vanas,
563 1292 718 1373 sordidas,
736 1294 833 1374 nugis
854 1304 887 1357 et
907 1294 1038 1379 ineptiis
1059 1300 1189 1381 penitus

288 1407 474 1482 occupatas,
496 1417 620 1459 morum
648 1395 894 1478 protervitatem,
917 1417 1099 1463 sermonum
1130 1403 1188 1466 ob-

289 1500 501 1573 scoenitatem,
528 1498 640 1561 seruile
663 1497 697 1559 in
724 1495 872 1560 dominos
897 1498 1018 1573 odium,
1041 1500 1190 1587 conjura-

292 1604 393 1667 tiones
422 1614 517 1685 atque
548 1597 674 1663 fraudes
703 1599 841 1662 serviles.
896 1600 1024 1665 Deinde
1054 1606 1191 1685 ancillae,

295 1706 483 1787 quibuscum
494 1722 617 1785 semper
626 1701 798 1765 vivendum
810 1712 877 1765 erat
887 1714 920 1766 et
930 1705 1191 1789 colloquendum,

295 1817 409 1891 paratae
425 1806 614 1889 flagitiorum
627 1805 769 1868 omnium
784 1804 971 1870 hortatrices
982 1818 1014 1871 et
1029 1809 1190 1875 ministre.

293 1910 407 1994 Neque
424 1906 552 1973 sordida
567 1917 689 1971 tantum
701 1917 734 1969 et
748 1906 902 1989 pudenda
912 1910 999 1988 vitia,
1009 1911 1067 1975 sed
1079 1912 1192 1978 imma·

290 2012 424 2075 nitatem
436 2032 563 2096 quoque
579 2022 611 2073 et
624 2009 779 2072 feritatem
795 2009 955 2091 quandam
968 2011 1193 2096 deprehendas

291 2115 326 2178 in
341 2115 483 2179 facinora
497 2110 672 2176 identidem
690 2110 899 2188 atrocissima,
913 2112 1019 2177 caedes
1038 2137 1076 2178 ac
1095 2118 1193 2199 parri·

293 2216 390 2295 cidia,
405 2224 644 2298 erumpentem
668 2211 756 2296 quod
771 2210 806 2273 in
822 2210 1047 2295 abjectissimis
1069 2238 1194 2302 semper

292 2318 426 2395 naturis,
454 2328 486 2380 et
520 2316 697 2378 belluarum
727 2312 898 2377 simillimis
934 2315 1004 2380 fieri
1033 2319 1109 2383 satis
1145 2334 1195 2386 est

293 2430 500 2504 compertum.

326 2522 410 2585 Tum
422 2520 593 2603 religiones
604 2519 710 2597 etiam,
720 2540 854 2602 quarum
863 2520 972 2604 purior
983 2525 1195 2590 communitas

295 2624 461 2687 mulierum
472 2622 596 2685 animos
607 2622 702 2685 solari
713 2622 860 2685 nonnihil
870 2634 903 2687 et
911 2624 1064 2705 excitare,
1075 2649 1195 2711 easque

295 2747 368 2790 cum
385 2724 459 2787 viris
474 2724 675 2808 aliquatenus
690 2736 882 2787 connectere
898 2739 931 2788 et
941 2748 1068 2811 aequare
1080 2730 1196 2813 potuit,

294 2829 331 2892 in
342 2828 470 2892 diversa
484 2826 592 2889 omnia
607 2821 723 2907 magni
738 2826 850 2889 saltem
863 2848 905 2890 ex
919 2842 1009 2911 parte
1019 2844 1196 2896 evaserunt.

296 2930 393 3005 Quod
404 2928 627 2993 Panathenaeis
638 2928 772 3012 quidem
786 2938 819 2993 et
829 2932 994 3015 Mysteriis
1008 2934 1198 3012 Eleusiniis,

297 3032 447 3097 civilibus
460 3030 535 3108 illis,
547 3030 598 3092 bis
613 3029 706 3113 quasi
720 3029 870 3093 humanis
885 3032 994 3108 sacris,
1007 3033 1198 3097 interessent

297 3132 448 3207 loeminae,
477 3150 628 3212 magnum
657 3140 741 3194 erat:
782 3130 882 3194 immo
908 3152 1128 3215 permagnum,
1158 3136 1198 3210 si,

298 3233 388 3319 quod
406 3231 551 3316 plerique
573 3241 776 3315 augurantur,
796 3232 1024 3315 Mysteriorum
1046 3255 1086 3296 ea
1104 3236 1199 3298 suerit

298 3336 389 3413 ratio,
411 3343 448 3397 ut
476 3354 551 3416 spes
576 3332 733 3417 quasdam
755 3343 789 3396 et
817 3334 965 3397 notiones
996 3336 1199 3400 sublimiores

300 3436 393 3519 quasi
408 3454 533 3518 sparsos
548 3434 631 3497 lucis
646 3434 789 3517 abreptae
801 3430 907 3497 radios
921 3449 1082 3499 servarent
1092 3447 1125 3500 et
1138 3438 1198 3500 im-
